%% This BibTeX bibliography file was created using BibDesk.
%% http://bibdesk.sourceforge.net/


%% Created for Juste Raimbault at 2015-02-24 10:21:19 +0100 


%% Saved with string encoding Unicode (UTF-8) 



@article{achibet2014model,
	Author = {Achibet, Merwan and Balev, Stefan and Dutot, Antoine and Olivier, Damien},
	Date-Added = {2015-02-24 09:20:29 +0000},
	Date-Modified = {2015-02-24 09:20:29 +0000},
	Journal = {Procedia Computer Science},
	Pages = {828--833},
	Publisher = {Elsevier},
	Title = {A Model of Road Network and Buildings Extension Co-evolution},
	Volume = {32},
	Year = {2014},
	Bdsk-File-1 = {YnBsaXN0MDDUAQIDBAUGJCVYJHZlcnNpb25YJG9iamVjdHNZJGFyY2hpdmVyVCR0b3ASAAGGoKgHCBMUFRYaIVUkbnVsbNMJCgsMDRBWJGNsYXNzV05TLmtleXNaTlMub2JqZWN0c4AHog4PgAKAA6IREoAEgAVccmVsYXRpdmVQYXRoWWFsaWFzRGF0YV8QUS4uL0RvY3MvVXJiYW5Nb3JwaG9nZW5lc2lzL0NBX0J1aWxkaW5nc19OZXR3b3JrXzEtczIuMC1TMTg3NzA1MDkxNDAwNjk4WC1tYWluLnBkZtIJFxgZV05TLmRhdGGABk8RApoAAAAAApoAAgAADE1hY2ludG9zaCBIRAAAAAAAAAAAAAAAAAAAAMpBBgxIKwAAAiINvB9DQV9CdWlsZGluZ3NfTmV0d29yIzIyM0ZFQ0YucGRmAAAAAAAAAAAAAAAAAAAAAAAAAAAAAAAAAAAAAAAAAAACI/7P0QkuQwAAAAAAAAAAAAEAAwAACSAAAAAAAAAAAAAAAAAAAAASVXJiYW5Nb3JwaG9nZW5lc2lzABAACAAAykDp7AAAABEACAAA0QkgMwAAAAEAIAIiDbwCIfktAiH5GQIh+RAAkMIpAAUCFQAFAhQAAL7sAAIAhE1hY2ludG9zaCBIRDpVc2VyczoASnVzdGU6AERvY3VtZW50czoAQ29tcGxleFN5c3RlbXM6AENpdHlOZXR3b3JrOgBCaWJsaW86AERvY3M6AFVyYmFuTW9ycGhvZ2VuZXNpczoAQ0FfQnVpbGRpbmdzX05ldHdvciMyMjNGRUNGLnBkZgAOAG4ANgBDAEEAXwBCAHUAaQBsAGQAaQBuAGcAcwBfAE4AZQB0AHcAbwByAGsAXwAxAC0AcwAyAC4AMAAtAFMAMQA4ADcANwAwADUAMAA5ADEANAAwADAANgA5ADgAWAAtAG0AYQBpAG4ALgBwAGQAZgAPABoADABNAGEAYwBpAG4AdABvAHMAaAAgAEgARAASAIZVc2Vycy9KdXN0ZS9Eb2N1bWVudHMvQ29tcGxleFN5c3RlbXMvQ2l0eU5ldHdvcmsvQmlibGlvL0RvY3MvVXJiYW5Nb3JwaG9nZW5lc2lzL0NBX0J1aWxkaW5nc19OZXR3b3JrXzEtczIuMC1TMTg3NzA1MDkxNDAwNjk4WC1tYWluLnBkZgATAAEvAAAVAAIADP//AADSGxwdHlokY2xhc3NuYW1lWCRjbGFzc2VzXU5TTXV0YWJsZURhdGGjHR8gVk5TRGF0YVhOU09iamVjdNIbHCIjXE5TRGljdGlvbmFyeaIiIF8QD05TS2V5ZWRBcmNoaXZlctEmJ1Ryb290gAEACAARABoAIwAtADIANwBAAEYATQBUAFwAZwBpAGwAbgBwAHMAdQB3AIQAjgDiAOcA7wDxA48DlAOfA6gDtgO6A8EDygPPA9wD3wPxA/QD+QAAAAAAAAIBAAAAAAAAACgAAAAAAAAAAAAAAAAAAAP7}}

@article{achibetmorphogenese,
	Author = {Achibet, Merwan and Balev, Stefan and Dutot, Antoine and Olivier, Damien},
	Date-Added = {2015-02-24 09:20:29 +0000},
	Date-Modified = {2015-02-24 09:20:29 +0000},
	Title = {Morphogenese urbaine: coevolution du reseau viaire et du b{\^a}ti},
	Bdsk-File-1 = {YnBsaXN0MDDUAQIDBAUGJCVYJHZlcnNpb25YJG9iamVjdHNZJGFyY2hpdmVyVCR0b3ASAAGGoKgHCBMUFRYaIVUkbnVsbNMJCgsMDRBWJGNsYXNzV05TLmtleXNaTlMub2JqZWN0c4AHog4PgAKAA6IREoAEgAVccmVsYXRpdmVQYXRoWWFsaWFzRGF0YV8QOC4uL0RvY3MvVXJiYW5Nb3JwaG9nZW5lc2lzL01vcnBob05XQmF0Q29ldm9sX3JhcHBvcnQucGRm0gkXGBlXTlMuZGF0YYAGTxECTgAAAAACTgACAAAMTWFjaW50b3NoIEhEAAAAAAAAAAAAAAAAAAAAykEGDEgrAAACIg28HU1vcnBob05XQmF0Q29ldm9sX3JhcHBvcnQucGRmAAAAAAAAAAAAAAAAAAAAAAAAAAAAAAAAAAAAAAAAAAAAAAIj3QHRCmieAAAAAAAAAAAAAQADAAAJIAAAAAAAAAAAAAAAAAAAABJVcmJhbk1vcnBob2dlbmVzaXMAEAAIAADKQOnsAAAAEQAIAADRClqOAAAAAQAgAiINvAIh+S0CIfkZAiH5EACQwikABQIVAAUCFAAAvuwAAgCCTWFjaW50b3NoIEhEOlVzZXJzOgBKdXN0ZToARG9jdW1lbnRzOgBDb21wbGV4U3lzdGVtczoAQ2l0eU5ldHdvcms6AEJpYmxpbzoARG9jczoAVXJiYW5Nb3JwaG9nZW5lc2lzOgBNb3JwaG9OV0JhdENvZXZvbF9yYXBwb3J0LnBkZgAOADwAHQBNAG8AcgBwAGgAbwBOAFcAQgBhAHQAQwBvAGUAdgBvAGwAXwByAGEAcABwAG8AcgB0AC4AcABkAGYADwAaAAwATQBhAGMAaQBuAHQAbwBzAGgAIABIAEQAEgBtVXNlcnMvSnVzdGUvRG9jdW1lbnRzL0NvbXBsZXhTeXN0ZW1zL0NpdHlOZXR3b3JrL0JpYmxpby9Eb2NzL1VyYmFuTW9ycGhvZ2VuZXNpcy9Nb3JwaG9OV0JhdENvZXZvbF9yYXBwb3J0LnBkZgAAEwABLwAAFQACAAz//wAA0hscHR5aJGNsYXNzbmFtZVgkY2xhc3Nlc11OU011dGFibGVEYXRhox0fIFZOU0RhdGFYTlNPYmplY3TSGxwiI1xOU0RpY3Rpb25hcnmiIiBfEA9OU0tleWVkQXJjaGl2ZXLRJidUcm9vdIABAAgAEQAaACMALQAyADcAQABGAE0AVABcAGcAaQBsAG4AcABzAHUAdwCEAI4AyQDOANYA2AMqAy8DOgNDA1EDVQNcA2UDagN3A3oDjAOPA5QAAAAAAAACAQAAAAAAAAAoAAAAAAAAAAAAAAAAAAADlg==}}

@article{adamatzky2010road,
	Author = {Adamatzky, Andrew and Jones, Jeff},
	Date-Added = {2015-02-24 09:20:29 +0000},
	Date-Modified = {2015-02-24 09:20:29 +0000},
	Journal = {International Journal of Bifurcation and Chaos},
	Number = {10},
	Pages = {3065--3084},
	Publisher = {World Scientific},
	Title = {Road planning with slime mould: if Physarum built motorways it would route M6/M74 through Newcastle},
	Volume = {20},
	Year = {2010},
	Bdsk-File-1 = {YnBsaXN0MDDUAQIDBAUGJCVYJHZlcnNpb25YJG9iamVjdHNZJGFyY2hpdmVyVCR0b3ASAAGGoKgHCBMUFRYaIVUkbnVsbNMJCgsMDRBWJGNsYXNzV05TLmtleXNaTlMub2JqZWN0c4AHog4PgAKAA6IREoAEgAVccmVsYXRpdmVQYXRoWWFsaWFzRGF0YV8QPy4uL0RvY3MvTmV0d29ya0dyb3d0aC9CaW9sb2dpY2FsL1BoeXNhcnVtTW90b3J3YXlfMDkxMi4zOTY3LnBkZtIJFxgZV05TLmRhdGGABk8RAloAAAAAAloAAgAADE1hY2ludG9zaCBIRAAAAAAAAAAAAAAAAAAAAMpBBgxIKwAAAiPmNB5QaHlzYXJ1bU1vdG9yd2F5XzA5MTIuMzk2Ny5wZGYAAAAAAAAAAAAAAAAAAAAAAAAAAAAAAAAAAAAAAAAAAAACI+Yw0QppewAAAAAAAAAAAAEABAAACSAAAAAAAAAAAAAAAAAAAAAKQmlvbG9naWNhbAAQAAgAAMpA6ewAAAARAAgAANEKW2sAAAABACQCI+Y0AiH9pAIh+S0CIfkZAiH5EACQwikABQIVAAUCFAAAvuwAAgCKTWFjaW50b3NoIEhEOlVzZXJzOgBKdXN0ZToARG9jdW1lbnRzOgBDb21wbGV4U3lzdGVtczoAQ2l0eU5ldHdvcms6AEJpYmxpbzoARG9jczoATmV0d29ya0dyb3d0aDoAQmlvbG9naWNhbDoAUGh5c2FydW1Nb3RvcndheV8wOTEyLjM5NjcucGRmAA4APgAeAFAAaAB5AHMAYQByAHUAbQBNAG8AdABvAHIAdwBhAHkAXwAwADkAMQAyAC4AMwA5ADYANwAuAHAAZABmAA8AGgAMAE0AYQBjAGkAbgB0AG8AcwBoACAASABEABIAdFVzZXJzL0p1c3RlL0RvY3VtZW50cy9Db21wbGV4U3lzdGVtcy9DaXR5TmV0d29yay9CaWJsaW8vRG9jcy9OZXR3b3JrR3Jvd3RoL0Jpb2xvZ2ljYWwvUGh5c2FydW1Nb3RvcndheV8wOTEyLjM5NjcucGRmABMAAS8AABUAAgAM//8AANIbHB0eWiRjbGFzc25hbWVYJGNsYXNzZXNdTlNNdXRhYmxlRGF0YaMdHyBWTlNEYXRhWE5TT2JqZWN00hscIiNcTlNEaWN0aW9uYXJ5oiIgXxAPTlNLZXllZEFyY2hpdmVy0SYnVHJvb3SAAQAIABEAGgAjAC0AMgA3AEAARgBNAFQAXABnAGkAbABuAHAAcwB1AHcAhACOANAA1QDdAN8DPQNCA00DVgNkA2gDbwN4A30DigONA58DogOnAAAAAAAAAgEAAAAAAAAAKAAAAAAAAAAAAAAAAAAAA6k=}}

@article{andersson2006complex,
	Author = {Andersson, Claes and Frenken, Koen and Hellervik, Alexander},
	Date-Added = {2015-02-24 09:20:29 +0000},
	Date-Modified = {2015-02-24 09:20:29 +0000},
	Journal = {Environment and Planning A},
	Number = {10},
	Pages = {1941},
	Publisher = {PION LTD 207 BRONDESBURY PARK, LONDON NW2 5JN, ENGLAND},
	Title = {A complex network approach to urban growth},
	Volume = {38},
	Year = {2006},
	Bdsk-File-1 = {YnBsaXN0MDDUAQIDBAUGJCVYJHZlcnNpb25YJG9iamVjdHNZJGFyY2hpdmVyVCR0b3ASAAGGoKgHCBMUFRYaIVUkbnVsbNMJCgsMDRBWJGNsYXNzV05TLmtleXNaTlMub2JqZWN0c4AHog4PgAKAA6IREoAEgAVccmVsYXRpdmVQYXRoWWFsaWFzRGF0YV8QMC4uL0RvY3MvTmV0d29ya3MvQ29tcGxleE5XVXJiYW5Hcm93dGhfYTM3NDE4LnBkZtIJFxgZV05TLmRhdGGABk8RAjgAAAAAAjgAAgAADE1hY2ludG9zaCBIRAAAAAAAAAAAAAAAAAAAAMpBBgxIKwAAAiO5wx9Db21wbGV4TldVcmJhbkdyb3d0aF9hMzc0MTgucGRmAAAAAAAAAAAAAAAAAAAAAAAAAAAAAAAAAAAAAAAAAAACI7og0QpkUQAAAAAAAAAAAAEAAwAACSAAAAAAAAAAAAAAAAAAAAAITmV0d29ya3MAEAAIAADKQOnsAAAAEQAIAADRClZBAAAAAQAgAiO5wwIh+S0CIfkZAiH5EACQwikABQIVAAUCFAAAvuwAAgB6TWFjaW50b3NoIEhEOlVzZXJzOgBKdXN0ZToARG9jdW1lbnRzOgBDb21wbGV4U3lzdGVtczoAQ2l0eU5ldHdvcms6AEJpYmxpbzoARG9jczoATmV0d29ya3M6AENvbXBsZXhOV1VyYmFuR3Jvd3RoX2EzNzQxOC5wZGYADgBAAB8AQwBvAG0AcABsAGUAeABOAFcAVQByAGIAYQBuAEcAcgBvAHcAdABoAF8AYQAzADcANAAxADgALgBwAGQAZgAPABoADABNAGEAYwBpAG4AdABvAHMAaAAgAEgARAASAGVVc2Vycy9KdXN0ZS9Eb2N1bWVudHMvQ29tcGxleFN5c3RlbXMvQ2l0eU5ldHdvcmsvQmlibGlvL0RvY3MvTmV0d29ya3MvQ29tcGxleE5XVXJiYW5Hcm93dGhfYTM3NDE4LnBkZgAAEwABLwAAFQACAAz//wAA0hscHR5aJGNsYXNzbmFtZVgkY2xhc3Nlc11OU011dGFibGVEYXRhox0fIFZOU0RhdGFYTlNPYmplY3TSGxwiI1xOU0RpY3Rpb25hcnmiIiBfEA9OU0tleWVkQXJjaGl2ZXLRJidUcm9vdIABAAgAEQAaACMALQAyADcAQABGAE0AVABcAGcAaQBsAG4AcABzAHUAdwCEAI4AwQDGAM4A0AMMAxEDHAMlAzMDNwM+A0cDTANZA1wDbgNxA3YAAAAAAAACAQAAAAAAAAAoAAAAAAAAAAAAAAAAAAADeA==}}

@article{barthelemy2008modeling,
	Author = {Barth{\'e}lemy, Marc and Flammini, Alessandro},
	Date-Added = {2015-02-24 09:20:29 +0000},
	Date-Modified = {2015-02-24 09:20:29 +0000},
	Journal = {Physical review letters},
	Number = {13},
	Pages = {138702},
	Publisher = {APS},
	Title = {Modeling urban street patterns},
	Volume = {100},
	Year = {2008},
	Bdsk-File-1 = {YnBsaXN0MDDUAQIDBAUGJCVYJHZlcnNpb25YJG9iamVjdHNZJGFyY2hpdmVyVCR0b3ASAAGGoKgHCBMUFRYaIVUkbnVsbNMJCgsMDRBWJGNsYXNzV05TLmtleXNaTlMub2JqZWN0c4AHog4PgAKAA6IREoAEgAVccmVsYXRpdmVQYXRoWWFsaWFzRGF0YV8QSy4uL0RvY3MvTmV0d29ya0dyb3d0aC9HZW9tZXRyaWNhbC9Nb2RlbGluZ1VyYmFuU3RyZWV0UGF0dGVybnNfMDcwOC40MzYwLnBkZtIJFxgZV05TLmRhdGGABk8RAoAAAAAAAoAAAgAADE1hY2ludG9zaCBIRAAAAAAAAAAAAAAAAAAAAMpBBgxIKwAAAiR5TB9Nb2RlbGluZ1VyYmFuU3RyZWV0IzIyNDc5NDcucGRmAAAAAAAAAAAAAAAAAAAAAAAAAAAAAAAAAAAAAAAAAAACJHlH0QzPQwAAAAAAAAAAAAEABAAACSAAAAAAAAAAAAAAAAAAAAALR2VvbWV0cmljYWwAABAACAAAykDp7AAAABEACAAA0QzBMwAAAAEAJAIkeUwCIf2kAiH5LQIh+RkCIfkQAJDCKQAFAhUABQIUAAC+7AACAIxNYWNpbnRvc2ggSEQ6VXNlcnM6AEp1c3RlOgBEb2N1bWVudHM6AENvbXBsZXhTeXN0ZW1zOgBDaXR5TmV0d29yazoAQmlibGlvOgBEb2NzOgBOZXR3b3JrR3Jvd3RoOgBHZW9tZXRyaWNhbDoATW9kZWxpbmdVcmJhblN0cmVldCMyMjQ3OTQ3LnBkZgAOAFQAKQBNAG8AZABlAGwAaQBuAGcAVQByAGIAYQBuAFMAdAByAGUAZQB0AFAAYQB0AHQAZQByAG4AcwBfADAANwAwADgALgA0ADMANgAwAC4AcABkAGYADwAaAAwATQBhAGMAaQBuAHQAbwBzAGgAIABIAEQAEgCAVXNlcnMvSnVzdGUvRG9jdW1lbnRzL0NvbXBsZXhTeXN0ZW1zL0NpdHlOZXR3b3JrL0JpYmxpby9Eb2NzL05ldHdvcmtHcm93dGgvR2VvbWV0cmljYWwvTW9kZWxpbmdVcmJhblN0cmVldFBhdHRlcm5zXzA3MDguNDM2MC5wZGYAEwABLwAAFQACAAz//wAA0hscHR5aJGNsYXNzbmFtZVgkY2xhc3Nlc11OU011dGFibGVEYXRhox0fIFZOU0RhdGFYTlNPYmplY3TSGxwiI1xOU0RpY3Rpb25hcnmiIiBfEA9OU0tleWVkQXJjaGl2ZXLRJidUcm9vdIABAAgAEQAaACMALQAyADcAQABGAE0AVABcAGcAaQBsAG4AcABzAHUAdwCEAI4A3ADhAOkA6wNvA3QDfwOIA5YDmgOhA6oDrwO8A78D0QPUA9kAAAAAAAACAQAAAAAAAAAoAAAAAAAAAAAAAAAAAAAD2w==}}

@article{barthelemy2009co,
	Author = {Barth{\'e}lemy, Marc and Flammini, Alessandro},
	Date-Added = {2015-02-24 09:20:29 +0000},
	Date-Modified = {2015-02-24 09:20:29 +0000},
	Journal = {Networks and spatial economics},
	Number = {3},
	Pages = {401--425},
	Publisher = {Springer},
	Title = {Co-evolution of density and topology in a simple model of city formation},
	Volume = {9},
	Year = {2009},
	Bdsk-File-1 = {YnBsaXN0MDDUAQIDBAUGJCVYJHZlcnNpb25YJG9iamVjdHNZJGFyY2hpdmVyVCR0b3ASAAGGoKgHCBMUFRYaIVUkbnVsbNMJCgsMDRBWJGNsYXNzV05TLmtleXNaTlMub2JqZWN0c4AHog4PgAKAA6IREoAEgAVccmVsYXRpdmVQYXRoWWFsaWFzRGF0YV8QNy4uL0RvY3MvUGh5c2ljcy9Db2V2b2x1dGlvbkRlbnNpdHlOZXR3b3JrXzA4MTAuMTM3Ni5wZGbSCRcYGVdOUy5kYXRhgAZPEQJOAAAAAAJOAAIAAAxNYWNpbnRvc2ggSEQAAAAAAAAAAAAAAAAAAADKQQYMSCsAAAIiBfkfQ29ldm9sdXRpb25EZW5zaXR5TiMyMjIwNUUwLnBkZgAAAAAAAAAAAAAAAAAAAAAAAAAAAAAAAAAAAAAAAAAAAiIF4NEJLFAAAAAAAAAAAAABAAMAAAkgAAAAAAAAAAAAAAAAAAAAB1BoeXNpY3MAABAACAAAykDp7AAAABEACAAA0QkeQAAAAAEAIAIiBfkCIfktAiH5GQIh+RAAkMIpAAUCFQAFAhQAAL7sAAIAeU1hY2ludG9zaCBIRDpVc2VyczoASnVzdGU6AERvY3VtZW50czoAQ29tcGxleFN5c3RlbXM6AENpdHlOZXR3b3JrOgBCaWJsaW86AERvY3M6AFBoeXNpY3M6AENvZXZvbHV0aW9uRGVuc2l0eU4jMjIyMDVFMC5wZGYAAA4AUAAnAEMAbwBlAHYAbwBsAHUAdABpAG8AbgBEAGUAbgBzAGkAdAB5AE4AZQB0AHcAbwByAGsAXwAwADgAMQAwAC4AMQAzADcANgAuAHAAZABmAA8AGgAMAE0AYQBjAGkAbgB0AG8AcwBoACAASABEABIAbFVzZXJzL0p1c3RlL0RvY3VtZW50cy9Db21wbGV4U3lzdGVtcy9DaXR5TmV0d29yay9CaWJsaW8vRG9jcy9QaHlzaWNzL0NvZXZvbHV0aW9uRGVuc2l0eU5ldHdvcmtfMDgxMC4xMzc2LnBkZgATAAEvAAAVAAIADP//AADSGxwdHlokY2xhc3NuYW1lWCRjbGFzc2VzXU5TTXV0YWJsZURhdGGjHR8gVk5TRGF0YVhOU09iamVjdNIbHCIjXE5TRGljdGlvbmFyeaIiIF8QD05TS2V5ZWRBcmNoaXZlctEmJ1Ryb290gAEACAARABoAIwAtADIANwBAAEYATQBUAFwAZwBpAGwAbgBwAHMAdQB3AIQAjgDIAM0A1QDXAykDLgM5A0IDUANUA1sDZANpA3YDeQOLA44DkwAAAAAAAAIBAAAAAAAAACgAAAAAAAAAAAAAAAAAAAOV}}

@inproceedings{bonin2012modele,
	Author = {Bonin, Olivier and Hubert, Jean-Paul and others},
	Booktitle = {49{\`e} colloque de l'ASRDLF},
	Date-Added = {2015-02-24 09:20:29 +0000},
	Date-Modified = {2015-02-24 09:20:29 +0000},
	Title = {Mod{\`e}le de morphog{\'e}n{\`e}se urbaine: simulation d'espaces qualitativement diff{\'e}renci{\'e}s dans le cadre du mod{\`e}le de l'{\'e}conomie urbaine},
	Year = {2012},
	Bdsk-File-1 = {YnBsaXN0MDDUAQIDBAUGJCVYJHZlcnNpb25YJG9iamVjdHNZJGFyY2hpdmVyVCR0b3ASAAGGoKgHCBMUFRYaIVUkbnVsbNMJCgsMDRBWJGNsYXNzV05TLmtleXNaTlMub2JqZWN0c4AHog4PgAKAA6IREoAEgAVccmVsYXRpdmVQYXRoWWFsaWFzRGF0YV8QQy4uLy4uLy4uL0JpYmxpby9DdWx0dXJlL1VyYmFuTW9ycGhvZ2VuZXNpcy9ib25pbi1odWJlcnQtYXJ0aWNsZS5wZGbSCRcYGVdOUy5kYXRhgAZPEQIkAAAAAAIkAAIAAAxNYWNpbnRvc2ggSEQAAAAAAAAAAAAAAAAAAADKQQYMSCsAAAGPvDUYYm9uaW4taHViZXJ0LWFydGljbGUucGRmAAAAAAAAAAAAAAAAAAAAAAAAAAAAAAAAAAAAAAAAAAAAAAAAAAAAAY+8Ls9QX0wAAAAAAAAAAAADAAQAAAkgAAAAAAAAAAAAAAAAAAAAElVyYmFuTW9ycGhvZ2VuZXNpcwAQAAgAAMpA6ewAAAARAAgAAM9QUTwAAAABABwBj7w1ATEGsACpmHoAkMIpAAUCFQAFAhQAAL7sAAIAc01hY2ludG9zaCBIRDpVc2VyczoASnVzdGU6AERvY3VtZW50czoAQ29tcGxleFN5c3RlbXM6AEJpYmxpbzoAQ3VsdHVyZToAVXJiYW5Nb3JwaG9nZW5lc2lzOgBib25pbi1odWJlcnQtYXJ0aWNsZS5wZGYAAA4AMgAYAGIAbwBuAGkAbgAtAGgAdQBiAGUAcgB0AC0AYQByAHQAaQBjAGwAZQAuAHAAZABmAA8AGgAMAE0AYQBjAGkAbgB0AG8AcwBoACAASABEABIAX1VzZXJzL0p1c3RlL0RvY3VtZW50cy9Db21wbGV4U3lzdGVtcy9CaWJsaW8vQ3VsdHVyZS9VcmJhbk1vcnBob2dlbmVzaXMvYm9uaW4taHViZXJ0LWFydGljbGUucGRmAAATAAEvAAAVAAIADP//AADSGxwdHlokY2xhc3NuYW1lWCRjbGFzc2VzXU5TTXV0YWJsZURhdGGjHR8gVk5TRGF0YVhOU09iamVjdNIbHCIjXE5TRGljdGlvbmFyeaIiIF8QD05TS2V5ZWRBcmNoaXZlctEmJ1Ryb290gAEACAARABoAIwAtADIANwBAAEYATQBUAFwAZwBpAGwAbgBwAHMAdQB3AIQAjgDUANkA4QDjAwsDEAMbAyQDMgM2Az0DRgNLA1gDWwNtA3ADdQAAAAAAAAIBAAAAAAAAACgAAAAAAAAAAAAAAAAAAAN3}}

@phdthesis{bretagnolle:tel-00459720,
	Abstract = {{Entre les villes et les r{\'e}seaux de transport s'{\'e}tablissent des relations particuli{\`e}rement complexes, qui m{\'e}langent les niveaux d'{\'e}chelle et croisent des temporalit{\'e}s multiples. Remontant aussi loin que le permettent les donn{\'e}es, abordant des pays aux histoires contrast{\'e}es, nous {\'e}voquons deux grands types d'articulations : d'une part, l'{\'e}volution des r{\'e}seaux de transport permet un changement de dimension des villes et des syst{\`e}mes de villes ; d'autre part, elle se traduit par une diff{\'e}renciation croissante des positions relatives des noeuds. Dans une premi{\`e}re partie, nous analysons les transformations des contours et des dimensions des villes rendues possibles par l'{\'e}volution des transports urbains depuis la r{\'e}volution industrielle, en t{\'e}moignant des d{\'e}bats passionnants qui agitent les contemporains depuis deux si{\`e}cles et les solutions envisag{\'e}es et parfois adopt{\'e}es par des organismes officiels pour suivre ces {\'e}volutions. Nous montrons que l'h{\'e}t{\'e}rog{\'e}n{\'e}it{\'e} tr{\`e}s grande des d{\'e}finitions nationales de la ville en Europe prend sa source {\`a} la fin du 19{\`e}me si{\`e}cle, lorsque certains pays font le choix des crit{\`e}res morpho-statistiques alors que d'autres gardent des approches juridiques et administratives. Dans une deuxi{\`e}me partie, nous nous appuyons sur une ontologie de la ville dans le temps long pour proposer des constructions de bases de donn{\'e}es urbaines harmonis{\'e}es pour la comparaison dynamique et internationale. Nos m{\'e}thodes sont notamment fond{\'e}es sur une mod{\'e}lisation de l'emprise spatiale des villes selon un rayon th{\'e}orique correspondant, {\`a} chaque {\'e}poque, au budget-temps moyen des navetteurs. Les r{\'e}sultats obtenus pour la France et les Etats-Unis r{\'e}v{\`e}lent l'impact du choix des d{\'e}limitations sur les mesures du poids ou de la croissance des villes, et nous proposons des pistes pour construire des bases de donn{\'e}es harmonis{\'e}es pour les villes d'Europe. Dans la derni{\`e}re partie, nous montrons que les grandes phases de transformation des syst{\`e}mes de villes co{\"\i}ncident avec des innovations technologiques majeures dans les transports, m{\^e}me si des facteurs politiques et sociaux interviennent aussi (l'appr{\'e}hension de territoires « nationaux », la perception d'un espace de plus en plus relativis{\'e} par la vitesse de d{\'e}placement). Dans les effets de dimensionnement des territoires par les r{\'e}seaux rapides, nous soulignons l'importance d'un {\'e}chelon r{\'e}gional, permettant, par des actions d'am{\'e}nagement de grande ampleur, une structuration en r{\'e}seau des zones centrales de l'{\'e}conomie-monde. Par des mesures d'accessibilit{\'e} et de forme des r{\'e}seaux, nous mettons en {\'e}vidence des processus historiques d'adaptation mutuelle puis de co-{\'e}volution entre r{\'e}seaux de transport et trame urbaine. Dans la phase de co-{\'e}volution, nous observons une diff{\'e}renciation croissante des positions relatives des lieux qui explique pour partie le processus de hi{\'e}rarchisation des tailles de villes observable tant en Europe qu'aux Etats-Unis.}},
	Affiliation = {G{\'e}ographie-cit{\'e}s - GC},
	Author = {Bretagnolle, Anne},
	Date-Added = {2015-02-24 09:20:29 +0000},
	Date-Modified = {2015-02-24 09:20:29 +0000},
	Hal_Id = {tel-00459720},
	Keywords = {Ville ; R{\'e}seaux de transport ; Vitesse ; Bases de donn{\'e}es ; Hi{\'e}rarchie ; Accessibilit{\'e} ; G{\'e}ographie urbaine ; Analyse spatiale ; Histoire ; France ; Europe ; Etats-Unis ; 17{\`e}me-20{\`e}me si{\`e}cles.},
	Language = {Fran{\c c}ais},
	Month = Jun,
	Pdf = {http://tel.archives-ouvertes.fr/tel-00459720/PDF/Volume3IneditHDRBretagnolle.pdf},
	School = {Universit{\'e} Panth{\'e}on-Sorbonne - Paris I},
	Title = {{Villes et r{\'e}seaux de transport : des interactions dans la longue dur{\'e}e (France, Europe, {\'E}tats-Unis)}},
	Type = {HDR},
	Url = {http://tel.archives-ouvertes.fr/tel-00459720},
	Year = {2009},
	Bdsk-File-1 = {YnBsaXN0MDDUAQIDBAUGJCVYJHZlcnNpb25YJG9iamVjdHNZJGFyY2hpdmVyVCR0b3ASAAGGoKgHCBMUFRYaIVUkbnVsbNMJCgsMDRBWJGNsYXNzV05TLmtleXNaTlMub2JqZWN0c4AHog4PgAKAA6IREoAEgAVccmVsYXRpdmVQYXRoWWFsaWFzRGF0YV8QSC4uLy4uLy4uL01pc2MvUHJvamV0VGhlc2UvQmlibGlvL0RvY3MvSERSQnJldGFnbm9sbGVfMTAuMS4xLjQwNS42NzgwLnBkZtIJFxgZV05TLmRhdGGABk8RAjQAAAAAAjQAAgAADE1hY2ludG9zaCBIRAAAAAAAAAAAAAAAAAAAAMpBBgxIKwAAAZI3zx9IRFJCcmV0YWdub2xsZV8xMC4xIzFBM0ZGRTEucGRmAAAAAAAAAAAAAAAAAAAAAAAAAAAAAAAAAAAAAAAAAAABo//hz376dwAAAAAAAAAAAAMABQAACSAAAAAAAAAAAAAAAAAAAAAERG9jcwAQAAgAAMpA6ewAAAARAAgAAM9+3lcAAAABACABkjfPAZI3zQGSN8sBeNRUAJDCKQAFAhUABQIUAAC+7AACAHZNYWNpbnRvc2ggSEQ6VXNlcnM6AEp1c3RlOgBEb2N1bWVudHM6AENvbXBsZXhTeXN0ZW1zOgBNaXNjOgBQcm9qZXRUaGVzZToAQmlibGlvOgBEb2NzOgBIRFJCcmV0YWdub2xsZV8xMC4xIzFBM0ZGRTEucGRmAA4ARgAiAEgARABSAEIAcgBlAHQAYQBnAG4AbwBsAGwAZQBfADEAMAAuADEALgAxAC4ANAAwADUALgA2ADcAOAAwAC4AcABkAGYADwAaAAwATQBhAGMAaQBuAHQAbwBzAGgAIABIAEQAEgBkVXNlcnMvSnVzdGUvRG9jdW1lbnRzL0NvbXBsZXhTeXN0ZW1zL01pc2MvUHJvamV0VGhlc2UvQmlibGlvL0RvY3MvSERSQnJldGFnbm9sbGVfMTAuMS4xLjQwNS42NzgwLnBkZgATAAEvAAAVAAIADP//AADSGxwdHlokY2xhc3NuYW1lWCRjbGFzc2VzXU5TTXV0YWJsZURhdGGjHR8gVk5TRGF0YVhOU09iamVjdNIbHCIjXE5TRGljdGlvbmFyeaIiIF8QD05TS2V5ZWRBcmNoaXZlctEmJ1Ryb290gAEACAARABoAIwAtADIANwBAAEYATQBUAFwAZwBpAGwAbgBwAHMAdQB3AIQAjgDZAN4A5gDoAyADJQMwAzkDRwNLA1IDWwNgA20DcAOCA4UDigAAAAAAAAIBAAAAAAAAACgAAAAAAAAAAAAAAAAAAAOM},
	Bdsk-Url-1 = {http://tel.archives-ouvertes.fr/tel-00459720}}

@article{chang2006models,
	Author = {Chang, Justin S},
	Date-Added = {2015-02-24 09:20:29 +0000},
	Date-Modified = {2015-02-24 09:20:29 +0000},
	Journal = {Transport Reviews},
	Number = {3},
	Pages = {325--350},
	Publisher = {Taylor \& Francis},
	Reading = {AO},
	Title = {Models of the Relationship between Transport and Land-use: A Review},
	Usage = {GSB},
	Volume = {26},
	Year = {2006},
	Bdsk-File-1 = {YnBsaXN0MDDUAQIDBAUGJCVYJHZlcnNpb25YJG9iamVjdHNZJGFyY2hpdmVyVCR0b3ASAAGGoKgHCBMUFRYaIVUkbnVsbNMJCgsMDRBWJGNsYXNzV05TLmtleXNaTlMub2JqZWN0c4AHog4PgAKAA6IREoAEgAVccmVsYXRpdmVQYXRoWWFsaWFzRGF0YV8QMi4uL0RvY3MvTFVUSS9SZXZpZXdDaGFuZzIwMDZfMDE0NDE2NDA1MDA0Njg0MzIucGRm0gkXGBlXTlMuZGF0YYAGTxECPgAAAAACPgACAAAMTWFjaW50b3NoIEhEAAAAAAAAAAAAAAAAAAAAykEGDEgrAAACIf4uH1Jldmlld0NoYW5nMjAwNl8wMTQjMjIzQkE2OC5wZGYAAAAAAAAAAAAAAAAAAAAAAAAAAAAAAAAAAAAAAAAAAAIjumjPRKVqAAAAAAAAAAAAAQADAAAJIAAAAAAAAAAAAAAAAAAAAARMVVRJABAACAAAykDp7AAAABEACAAAz0SXWgAAAAEAIAIh/i4CIfktAiH5GQIh+RAAkMIpAAUCFQAFAhQAAL7sAAIAdk1hY2ludG9zaCBIRDpVc2VyczoASnVzdGU6AERvY3VtZW50czoAQ29tcGxleFN5c3RlbXM6AENpdHlOZXR3b3JrOgBCaWJsaW86AERvY3M6AExVVEk6AFJldmlld0NoYW5nMjAwNl8wMTQjMjIzQkE2OC5wZGYADgBMACUAUgBlAHYAaQBlAHcAQwBoAGEAbgBnADIAMAAwADYAXwAwADEANAA0ADEANgA0ADAANQAwADAANAA2ADgANAAzADIALgBwAGQAZgAPABoADABNAGEAYwBpAG4AdABvAHMAaAAgAEgARAASAGdVc2Vycy9KdXN0ZS9Eb2N1bWVudHMvQ29tcGxleFN5c3RlbXMvQ2l0eU5ldHdvcmsvQmlibGlvL0RvY3MvTFVUSS9SZXZpZXdDaGFuZzIwMDZfMDE0NDE2NDA1MDA0Njg0MzIucGRmAAATAAEvAAAVAAIADP//AADSGxwdHlokY2xhc3NuYW1lWCRjbGFzc2VzXU5TTXV0YWJsZURhdGGjHR8gVk5TRGF0YVhOU09iamVjdNIbHCIjXE5TRGljdGlvbmFyeaIiIF8QD05TS2V5ZWRBcmNoaXZlctEmJ1Ryb290gAEACAARABoAIwAtADIANwBAAEYATQBUAFwAZwBpAGwAbgBwAHMAdQB3AIQAjgDDAMgA0ADSAxQDGQMkAy0DOwM/A0YDTwNUA2EDZAN2A3kDfgAAAAAAAAIBAAAAAAAAACgAAAAAAAAAAAAAAAAAAAOA}}

@article{duranton2012urban,
	Author = {Duranton, Gilles and Turner, Matthew A},
	Date-Added = {2015-02-24 09:20:29 +0000},
	Date-Modified = {2015-02-24 09:20:29 +0000},
	Journal = {The Review of Economic Studies},
	Number = {4},
	Pages = {1407--1440},
	Publisher = {Oxford University Press},
	Title = {Urban growth and transportation},
	Volume = {79},
	Year = {2012},
	Bdsk-File-1 = {YnBsaXN0MDDUAQIDBAUGJCVYJHZlcnNpb25YJG9iamVjdHNZJGFyY2hpdmVyVCR0b3ASAAGGoKgHCBMUFRYaIVUkbnVsbNMJCgsMDRBWJGNsYXNzV05TLmtleXNaTlMub2JqZWN0c4AHog4PgAKAA6IREoAEgAVccmVsYXRpdmVQYXRoWWFsaWFzRGF0YV8QSi4uL0RvY3MvU3RhdGlzdGljcy9VcmJhbkdyb3d0aF9UcmFuc3BvcnRhdGlvbl9EdXJhbnRvbl9UdXJuZXJfUkVTXzIwMTIucGRm0gkXGBlXTlMuZGF0YYAGTxEChgAAAAAChgACAAAMTWFjaW50b3NoIEhEAAAAAAAAAAAAAAAAAAAAykEGDEgrAAACIhlRH1VyYmFuR3Jvd3RoX1RyYW5zcG8jMjIyNUI2Ni5wZGYAAAAAAAAAAAAAAAAAAAAAAAAAAAAAAAAAAAAAAAAAAAIiW2bRCT40AAAAAAAAAAAAAQADAAAJIAAAAAAAAAAAAAAAAAAAAApTdGF0aXN0aWNzABAACAAAykDp7AAAABEACAAA0QkwJAAAAAEAIAIiGVECIfktAiH5GQIh+RAAkMIpAAUCFQAFAhQAAL7sAAIAfE1hY2ludG9zaCBIRDpVc2VyczoASnVzdGU6AERvY3VtZW50czoAQ29tcGxleFN5c3RlbXM6AENpdHlOZXR3b3JrOgBCaWJsaW86AERvY3M6AFN0YXRpc3RpY3M6AFVyYmFuR3Jvd3RoX1RyYW5zcG8jMjIyNUI2Ni5wZGYADgBwADcAVQByAGIAYQBuAEcAcgBvAHcAdABoAF8AVAByAGEAbgBzAHAAbwByAHQAYQB0AGkAbwBuAF8ARAB1AHIAYQBuAHQAbwBuAF8AVAB1AHIAbgBlAHIAXwBSAEUAUwBfADIAMAAxADIALgBwAGQAZgAPABoADABNAGEAYwBpAG4AdABvAHMAaAAgAEgARAASAH9Vc2Vycy9KdXN0ZS9Eb2N1bWVudHMvQ29tcGxleFN5c3RlbXMvQ2l0eU5ldHdvcmsvQmlibGlvL0RvY3MvU3RhdGlzdGljcy9VcmJhbkdyb3d0aF9UcmFuc3BvcnRhdGlvbl9EdXJhbnRvbl9UdXJuZXJfUkVTXzIwMTIucGRmAAATAAEvAAAVAAIADP//AADSGxwdHlokY2xhc3NuYW1lWCRjbGFzc2VzXU5TTXV0YWJsZURhdGGjHR8gVk5TRGF0YVhOU09iamVjdNIbHCIjXE5TRGljdGlvbmFyeaIiIF8QD05TS2V5ZWRBcmNoaXZlctEmJ1Ryb290gAEACAARABoAIwAtADIANwBAAEYATQBUAFwAZwBpAGwAbgBwAHMAdQB3AIQAjgDbAOAA6ADqA3QDeQOEA40DmwOfA6YDrwO0A8EDxAPWA9kD3gAAAAAAAAIBAAAAAAAAACgAAAAAAAAAAAAAAAAAAAPg}}

@article{eboli2012exploring,
	Author = {Eboli, Laura and Forciniti, Carmen and Mazzulla, Gabriella},
	Date-Added = {2015-02-24 09:20:29 +0000},
	Date-Modified = {2015-02-24 09:20:29 +0000},
	Journal = {Procedia-Social and Behavioral Sciences},
	Pages = {107--116},
	Publisher = {Elsevier},
	Title = {Exploring land use and transport interaction through structural equation modelling},
	Volume = {54},
	Year = {2012},
	Bdsk-File-1 = {YnBsaXN0MDDUAQIDBAUGJCVYJHZlcnNpb25YJG9iamVjdHNZJGFyY2hpdmVyVCR0b3ASAAGGoKgHCBMUFRYaIVUkbnVsbNMJCgsMDRBWJGNsYXNzV05TLmtleXNaTlMub2JqZWN0c4AHog4PgAKAA6IREoAEgAVccmVsYXRpdmVQYXRoWWFsaWFzRGF0YV8QSi4uL0RvY3MvU3RhdGlzdGljcy9TdHJ1Y3R1cmFsRXF1TW9kZWxpbmdfMS1zMi4wLVMxODc3MDQyODEyMDQxOTI0LW1haW4ucGRm0gkXGBlXTlMuZGF0YYAGTxEChgAAAAAChgACAAAMTWFjaW50b3NoIEhEAAAAAAAAAAAAAAAAAAAAykEGDEgrAAACIhlRH1N0cnVjdHVyYWxFcXVNb2RlbGkjMjIyNjI4Ri5wZGYAAAAAAAAAAAAAAAAAAAAAAAAAAAAAAAAAAAAAAAAAAAIiYo/RCT8NAAAAAAAAAAAAAQADAAAJIAAAAAAAAAAAAAAAAAAAAApTdGF0aXN0aWNzABAACAAAykDp7AAAABEACAAA0Qkw/QAAAAEAIAIiGVECIfktAiH5GQIh+RAAkMIpAAUCFQAFAhQAAL7sAAIAfE1hY2ludG9zaCBIRDpVc2VyczoASnVzdGU6AERvY3VtZW50czoAQ29tcGxleFN5c3RlbXM6AENpdHlOZXR3b3JrOgBCaWJsaW86AERvY3M6AFN0YXRpc3RpY3M6AFN0cnVjdHVyYWxFcXVNb2RlbGkjMjIyNjI4Ri5wZGYADgBwADcAUwB0AHIAdQBjAHQAdQByAGEAbABFAHEAdQBNAG8AZABlAGwAaQBuAGcAXwAxAC0AcwAyAC4AMAAtAFMAMQA4ADcANwAwADQAMgA4ADEAMgAwADQAMQA5ADIANAAtAG0AYQBpAG4ALgBwAGQAZgAPABoADABNAGEAYwBpAG4AdABvAHMAaAAgAEgARAASAH9Vc2Vycy9KdXN0ZS9Eb2N1bWVudHMvQ29tcGxleFN5c3RlbXMvQ2l0eU5ldHdvcmsvQmlibGlvL0RvY3MvU3RhdGlzdGljcy9TdHJ1Y3R1cmFsRXF1TW9kZWxpbmdfMS1zMi4wLVMxODc3MDQyODEyMDQxOTI0LW1haW4ucGRmAAATAAEvAAAVAAIADP//AADSGxwdHlokY2xhc3NuYW1lWCRjbGFzc2VzXU5TTXV0YWJsZURhdGGjHR8gVk5TRGF0YVhOU09iamVjdNIbHCIjXE5TRGljdGlvbmFyeaIiIF8QD05TS2V5ZWRBcmNoaXZlctEmJ1Ryb290gAEACAARABoAIwAtADIANwBAAEYATQBUAFwAZwBpAGwAbgBwAHMAdQB3AIQAjgDbAOAA6ADqA3QDeQOEA40DmwOfA6YDrwO0A8EDxAPWA9kD3gAAAAAAAAIBAAAAAAAAACgAAAAAAAAAAAAAAAAAAAPg}}

@article{horner2012analyzing,
	Author = {Horner, Mark W and Schleith, Daniel},
	Date-Added = {2015-02-24 09:20:29 +0000},
	Date-Modified = {2015-02-24 09:20:29 +0000},
	Journal = {Applied Geography},
	Number = {1},
	Pages = {491--498},
	Publisher = {Elsevier},
	Title = {Analyzing temporal changes in land-use--transportation relationships: A LEHD-based approach},
	Volume = {35},
	Year = {2012},
	Bdsk-File-1 = {YnBsaXN0MDDUAQIDBAUGJCVYJHZlcnNpb25YJG9iamVjdHNZJGFyY2hpdmVyVCR0b3ASAAGGoKgHCBMUFRYaIVUkbnVsbNMJCgsMDRBWJGNsYXNzV05TLmtleXNaTlMub2JqZWN0c4AHog4PgAKAA6IREoAEgAVccmVsYXRpdmVQYXRoWWFsaWFzRGF0YV8QRC4uL0RvY3MvU3RhdGlzdGljcy9MRUhEQmFzZWRfU3RhdHNfMS1zMi4wLVMwMTQzNjIyODEyMDAwOTc1LW1haW4ucGRm0gkXGBlXTlMuZGF0YYAGTxECdAAAAAACdAACAAAMTWFjaW50b3NoIEhEAAAAAAAAAAAAAAAAAAAAykEGDEgrAAACIhlRH0xFSERCYXNlZF9TdGF0c18xLXMjMjIyNDc4Ni5wZGYAAAAAAAAAAAAAAAAAAAAAAAAAAAAAAAAAAAAAAAAAAAIiR4bRCTYFAAAAAAAAAAAAAQADAAAJIAAAAAAAAAAAAAAAAAAAAApTdGF0aXN0aWNzABAACAAAykDp7AAAABEACAAA0Qkn9QAAAAEAIAIiGVECIfktAiH5GQIh+RAAkMIpAAUCFQAFAhQAAL7sAAIAfE1hY2ludG9zaCBIRDpVc2VyczoASnVzdGU6AERvY3VtZW50czoAQ29tcGxleFN5c3RlbXM6AENpdHlOZXR3b3JrOgBCaWJsaW86AERvY3M6AFN0YXRpc3RpY3M6AExFSERCYXNlZF9TdGF0c18xLXMjMjIyNDc4Ni5wZGYADgBkADEATABFAEgARABCAGEAcwBlAGQAXwBTAHQAYQB0AHMAXwAxAC0AcwAyAC4AMAAtAFMAMAAxADQAMwA2ADIAMgA4ADEAMgAwADAAMAA5ADcANQAtAG0AYQBpAG4ALgBwAGQAZgAPABoADABNAGEAYwBpAG4AdABvAHMAaAAgAEgARAASAHlVc2Vycy9KdXN0ZS9Eb2N1bWVudHMvQ29tcGxleFN5c3RlbXMvQ2l0eU5ldHdvcmsvQmlibGlvL0RvY3MvU3RhdGlzdGljcy9MRUhEQmFzZWRfU3RhdHNfMS1zMi4wLVMwMTQzNjIyODEyMDAwOTc1LW1haW4ucGRmAAATAAEvAAAVAAIADP//AADSGxwdHlokY2xhc3NuYW1lWCRjbGFzc2VzXU5TTXV0YWJsZURhdGGjHR8gVk5TRGF0YVhOU09iamVjdNIbHCIjXE5TRGljdGlvbmFyeaIiIF8QD05TS2V5ZWRBcmNoaXZlctEmJ1Ryb290gAEACAARABoAIwAtADIANwBAAEYATQBUAFwAZwBpAGwAbgBwAHMAdQB3AIQAjgDVANoA4gDkA1wDYQNsA3UDgwOHA44DlwOcA6kDrAO+A8EDxgAAAAAAAAIBAAAAAAAAACgAAAAAAAAAAAAAAAAAAAPI}}

@article{iacono2008models,
	Author = {Iacono, Michael and Levinson, David and El-Geneidy, Ahmed},
	Date-Added = {2015-02-24 09:20:29 +0000},
	Date-Modified = {2015-02-24 09:20:29 +0000},
	Journal = {Journal of Planning Literature},
	Number = {4},
	Pages = {323--340},
	Publisher = {Sage Publications},
	Title = {Models of transportation and land use change: a guide to the territory},
	Volume = {22},
	Year = {2008},
	Bdsk-File-1 = {YnBsaXN0MDDUAQIDBAUGJCVYJHZlcnNpb25YJG9iamVjdHNZJGFyY2hpdmVyVCR0b3ASAAGGoKgHCBMUFRYaIVUkbnVsbNMJCgsMDRBWJGNsYXNzV05TLmtleXNaTlMub2JqZWN0c4AHog4PgAKAA6IREoAEgAVccmVsYXRpdmVQYXRoWWFsaWFzRGF0YV8QGS4uL0RvY3MvTFVUSS9MZXZpbnNvbi5wZGbSCRcYGVdOUy5kYXRhgAZPEQHgAAAAAAHgAAIAAAxNYWNpbnRvc2ggSEQAAAAAAAAAAAAAAAAAAADKQQYMSCsAAAIh/i4MTGV2aW5zb24ucGRmAAAAAAAAAAAAAAAAAAAAAAAAAAAAAAAAAAAAAAAAAAAAAAAAAAAAAAAAAAAAAAAAAAAAAiH9rs9jWfwAAAAAAAAAAAABAAMAAAkgAAAAAAAAAAAAAAAAAAAABExVVEkAEAAIAADKQOnsAAAAEQAIAADPYz3cAAAAAQAgAiH+LgIh+S0CIfkZAiH5EACQwikABQIVAAUCFAAAvuwAAgBjTWFjaW50b3NoIEhEOlVzZXJzOgBKdXN0ZToARG9jdW1lbnRzOgBDb21wbGV4U3lzdGVtczoAQ2l0eU5ldHdvcms6AEJpYmxpbzoARG9jczoATFVUSToATGV2aW5zb24ucGRmAAAOABoADABMAGUAdgBpAG4AcwBvAG4ALgBwAGQAZgAPABoADABNAGEAYwBpAG4AdABvAHMAaAAgAEgARAASAE5Vc2Vycy9KdXN0ZS9Eb2N1bWVudHMvQ29tcGxleFN5c3RlbXMvQ2l0eU5ldHdvcmsvQmlibGlvL0RvY3MvTFVUSS9MZXZpbnNvbi5wZGYAEwABLwAAFQACAAz//wAA0hscHR5aJGNsYXNzbmFtZVgkY2xhc3Nlc11OU011dGFibGVEYXRhox0fIFZOU0RhdGFYTlNPYmplY3TSGxwiI1xOU0RpY3Rpb25hcnmiIiBfEA9OU0tleWVkQXJjaGl2ZXLRJidUcm9vdIABAAgAEQAaACMALQAyADcAQABGAE0AVABcAGcAaQBsAG4AcABzAHUAdwCEAI4AqgCvALcAuQKdAqICrQK2AsQCyALPAtgC3QLqAu0C/wMCAwcAAAAAAAACAQAAAAAAAAAoAAAAAAAAAAAAAAAAAAADCQ==}}

@article{levinson2007co,
	Author = {Levinson, David Matthew and Xie, Feng and Zhu, Shanjiang},
	Date-Added = {2015-02-24 09:20:29 +0000},
	Date-Modified = {2015-02-24 09:20:29 +0000},
	Journal = {Transportation and traffic theory},
	Pages = {839--859},
	Title = {The co-evolution of land use and road networks},
	Year = {2007},
	Bdsk-File-1 = {YnBsaXN0MDDUAQIDBAUGJCVYJHZlcnNpb25YJG9iamVjdHNZJGFyY2hpdmVyVCR0b3ASAAGGoKgHCBMUFRYaIVUkbnVsbNMJCgsMDRBWJGNsYXNzV05TLmtleXNaTlMub2JqZWN0c4AHog4PgAKAA6IREoAEgAVccmVsYXRpdmVQYXRoWWFsaWFzRGF0YV8QPi4uL0RvY3MvRWNvbm9taWNzL0NvZXZvbHV0aW9uTGFuZFVzZVJvYWROZXR3b3JrX1NJR05BTDIwMDcucGRm0gkXGBlXTlMuZGF0YYAGTxECZAAAAAACZAACAAAMTWFjaW50b3NoIEhEAAAAAAAAAAAAAAAAAAAAykEGDEgrAAACIkFKH0NvZXZvbHV0aW9uTGFuZFVzZVIjMjIyNDE5NC5wZGYAAAAAAAAAAAAAAAAAAAAAAAAAAAAAAAAAAAAAAAAAAAIiQZTRCTUgAAAAAAAAAAAAAQADAAAJIAAAAAAAAAAAAAAAAAAAAAlFY29ub21pY3MAABAACAAAykDp7AAAABEACAAA0QknEAAAAAEAIAIiQUoCIfktAiH5GQIh+RAAkMIpAAUCFQAFAhQAAL7sAAIAe01hY2ludG9zaCBIRDpVc2VyczoASnVzdGU6AERvY3VtZW50czoAQ29tcGxleFN5c3RlbXM6AENpdHlOZXR3b3JrOgBCaWJsaW86AERvY3M6AEVjb25vbWljczoAQ29ldm9sdXRpb25MYW5kVXNlUiMyMjI0MTk0LnBkZgAADgBaACwAQwBvAGUAdgBvAGwAdQB0AGkAbwBuAEwAYQBuAGQAVQBzAGUAUgBvAGEAZABOAGUAdAB3AG8AcgBrAF8AUwBJAEcATgBBAEwAMgAwADAANwAuAHAAZABmAA8AGgAMAE0AYQBjAGkAbgB0AG8AcwBoACAASABEABIAc1VzZXJzL0p1c3RlL0RvY3VtZW50cy9Db21wbGV4U3lzdGVtcy9DaXR5TmV0d29yay9CaWJsaW8vRG9jcy9FY29ub21pY3MvQ29ldm9sdXRpb25MYW5kVXNlUm9hZE5ldHdvcmtfU0lHTkFMMjAwNy5wZGYAABMAAS8AABUAAgAM//8AANIbHB0eWiRjbGFzc25hbWVYJGNsYXNzZXNdTlNNdXRhYmxlRGF0YaMdHyBWTlNEYXRhWE5TT2JqZWN00hscIiNcTlNEaWN0aW9uYXJ5oiIgXxAPTlNLZXllZEFyY2hpdmVy0SYnVHJvb3SAAQAIABEAGgAjAC0AMgA3AEAARgBNAFQAXABnAGkAbABuAHAAcwB1AHcAhACOAM8A1ADcAN4DRgNLA1YDXwNtA3EDeAOBA4YDkwOWA6gDqwOwAAAAAAAAAgEAAAAAAAAAKAAAAAAAAAAAAAAAAAAAA7I=}}

@article{levinson2008density,
	Author = {Levinson, David},
	Date-Added = {2015-02-24 09:20:29 +0000},
	Date-Modified = {2015-02-24 09:20:29 +0000},
	Journal = {Journal of Economic Geography},
	Number = {1},
	Pages = {55--77},
	Publisher = {Oxford Univ Press},
	Title = {Density and dispersion: the co-development of land use and rail in London},
	Volume = {8},
	Year = {2008},
	Bdsk-File-1 = {YnBsaXN0MDDUAQIDBAUGJCVYJHZlcnNpb25YJG9iamVjdHNZJGFyY2hpdmVyVCR0b3ASAAGGoKgHCBMUFRYaIVUkbnVsbNMJCgsMDRBWJGNsYXNzV05TLmtleXNaTlMub2JqZWN0c4AHog4PgAKAA6IREoAEgAVccmVsYXRpdmVQYXRoWWFsaWFzRGF0YV8QOy4uL0RvY3MvU3RhdGlzdGljcy9Mb25kb25fQ29kZXZlbG9wbWVudF8xMC4xLjEuMjIwLjEzODkucGRm0gkXGBlXTlMuZGF0YYAGTxECWAAAAAACWAACAAAMTWFjaW50b3NoIEhEAAAAAAAAAAAAAAAAAAAAykEGDEgrAAACIhlRH0xvbmRvbl9Db2RldmVsb3BtZW4jMjIyMTk0RC5wZGYAAAAAAAAAAAAAAAAAAAAAAAAAAAAAAAAAAAAAAAAAAAIiGU3RCS+nAAAAAAAAAAAAAQADAAAJIAAAAAAAAAAAAAAAAAAAAApTdGF0aXN0aWNzABAACAAAykDp7AAAABEACAAA0QkhlwAAAAEAIAIiGVECIfktAiH5GQIh+RAAkMIpAAUCFQAFAhQAAL7sAAIAfE1hY2ludG9zaCBIRDpVc2VyczoASnVzdGU6AERvY3VtZW50czoAQ29tcGxleFN5c3RlbXM6AENpdHlOZXR3b3JrOgBCaWJsaW86AERvY3M6AFN0YXRpc3RpY3M6AExvbmRvbl9Db2RldmVsb3BtZW4jMjIyMTk0RC5wZGYADgBSACgATABvAG4AZABvAG4AXwBDAG8AZABlAHYAZQBsAG8AcABtAGUAbgB0AF8AMQAwAC4AMQAuADEALgAyADIAMAAuADEAMwA4ADkALgBwAGQAZgAPABoADABNAGEAYwBpAG4AdABvAHMAaAAgAEgARAASAHBVc2Vycy9KdXN0ZS9Eb2N1bWVudHMvQ29tcGxleFN5c3RlbXMvQ2l0eU5ldHdvcmsvQmlibGlvL0RvY3MvU3RhdGlzdGljcy9Mb25kb25fQ29kZXZlbG9wbWVudF8xMC4xLjEuMjIwLjEzODkucGRmABMAAS8AABUAAgAM//8AANIbHB0eWiRjbGFzc25hbWVYJGNsYXNzZXNdTlNNdXRhYmxlRGF0YaMdHyBWTlNEYXRhWE5TT2JqZWN00hscIiNcTlNEaWN0aW9uYXJ5oiIgXxAPTlNLZXllZEFyY2hpdmVy0SYnVHJvb3SAAQAIABEAGgAjAC0AMgA3AEAARgBNAFQAXABnAGkAbABuAHAAcwB1AHcAhACOAMwA0QDZANsDNwM8A0cDUANeA2IDaQNyA3cDhAOHA5kDnAOhAAAAAAAAAgEAAAAAAAAAKAAAAAAAAAAAAAAAAAAAA6M=}}

@article{lodin2011road,
	Author = {Lodin, Johan},
	Date-Added = {2015-02-24 09:20:29 +0000},
	Date-Modified = {2015-02-24 09:20:29 +0000},
	Publisher = {Chalmers University of Technology},
	Title = {Road Growth Modeling-The Development of a Road Growth Model That Co-Evolves with Land Use},
	Year = {2011},
	Bdsk-File-1 = {YnBsaXN0MDDUAQIDBAUGJCVYJHZlcnNpb25YJG9iamVjdHNZJGFyY2hpdmVyVCR0b3ASAAGGoKgHCBMUFRYaIVUkbnVsbNMJCgsMDRBWJGNsYXNzV05TLmtleXNaTlMub2JqZWN0c4AHog4PgAKAA6IREoAEgAVccmVsYXRpdmVQYXRoWWFsaWFzRGF0YV8QFy4uL0RvY3MvTWlzYy8xNTAzMDMucGRm0gkXGBlXTlMuZGF0YYAGTxEB2AAAAAAB2AACAAAMTWFjaW50b3NoIEhEAAAAAAAAAAAAAAAAAAAAykEGDEgrAAACI9D+CjE1MDMwMy5wZGYAAAAAAAAAAAAAAAAAAAAAAAAAAAAAAAAAAAAAAAAAAAAAAAAAAAAAAAAAAAAAAAAAAAAAAAIj0P3RCme0AAAAAAAAAAAAAQADAAAJIAAAAAAAAAAAAAAAAAAAAARNaXNjABAACAAAykDp7AAAABEACAAA0QpZpAAAAAEAIAIj0P4CIfktAiH5GQIh+RAAkMIpAAUCFQAFAhQAAL7sAAIAYU1hY2ludG9zaCBIRDpVc2VyczoASnVzdGU6AERvY3VtZW50czoAQ29tcGxleFN5c3RlbXM6AENpdHlOZXR3b3JrOgBCaWJsaW86AERvY3M6AE1pc2M6ADE1MDMwMy5wZGYAAA4AFgAKADEANQAwADMAMAAzAC4AcABkAGYADwAaAAwATQBhAGMAaQBuAHQAbwBzAGgAIABIAEQAEgBMVXNlcnMvSnVzdGUvRG9jdW1lbnRzL0NvbXBsZXhTeXN0ZW1zL0NpdHlOZXR3b3JrL0JpYmxpby9Eb2NzL01pc2MvMTUwMzAzLnBkZgATAAEvAAAVAAIADP//AADSGxwdHlokY2xhc3NuYW1lWCRjbGFzc2VzXU5TTXV0YWJsZURhdGGjHR8gVk5TRGF0YVhOU09iamVjdNIbHCIjXE5TRGljdGlvbmFyeaIiIF8QD05TS2V5ZWRBcmNoaXZlctEmJ1Ryb290gAEACAARABoAIwAtADIANwBAAEYATQBUAFwAZwBpAGwAbgBwAHMAdQB3AIQAjgCoAK0AtQC3ApMCmAKjAqwCugK+AsUCzgLTAuAC4wL1AvgC/QAAAAAAAAIBAAAAAAAAACgAAAAAAAAAAAAAAAAAAAL/}}

@article{offner1993effets,
	Author = {Offner, Jean-Marc},
	Date-Added = {2015-02-24 09:20:29 +0000},
	Date-Modified = {2015-02-24 09:20:29 +0000},
	Journal = {Espace g{\'e}ographique},
	Number = {3},
	Pages = {233--242},
	Publisher = {Belin},
	Title = {Les "effets structurants" du transport: mythe politique, mystification scientifique},
	Volume = {22},
	Year = {1993},
	Bdsk-File-1 = {YnBsaXN0MDDUAQIDBAUGJCVYJHZlcnNpb25YJG9iamVjdHNZJGFyY2hpdmVyVCR0b3ASAAGGoKgHCBMUFRYaIVUkbnVsbNMJCgsMDRBWJGNsYXNzV05TLmtleXNaTlMub2JqZWN0c4AHog4PgAKAA6IREoAEgAVccmVsYXRpdmVQYXRoWWFsaWFzRGF0YV8QZS4uLy4uLy4uL01pc2MvUHJvamV0VGhlc2UvQmlibGlvL0RvY3MvTXl0aGVTdHJ1Y3R1cmFudF9hcnRpY2xlX3NwZ2VvXzAwNDYtMjQ5N18xOTkzX251bV8yMl8zXzMyMDkucGRm0gkXGBlXTlMuZGF0YYAGTxECjAAAAAACjAACAAAMTWFjaW50b3NoIEhEAAAAAAAAAAAAAAAAAAAAykEGDEgrAAABkjfPH015dGhlU3RydWN0dXJhbnRfYXIjMTkyM0I2QS5wZGYAAAAAAAAAAAAAAAAAAAAAAAAAAAAAAAAAAAAAAAAAAAGSO2rPVeXFAAAAAAAAAAAAAwAFAAAJIAAAAAAAAAAAAAAAAAAAAAREb2NzABAACAAAykDp7AAAABEACAAAz1XXtQAAAAEAIAGSN88BkjfNAZI3ywF41FQAkMIpAAUCFQAFAhQAAL7sAAIAdk1hY2ludG9zaCBIRDpVc2VyczoASnVzdGU6AERvY3VtZW50czoAQ29tcGxleFN5c3RlbXM6AE1pc2M6AFByb2pldFRoZXNlOgBCaWJsaW86AERvY3M6AE15dGhlU3RydWN0dXJhbnRfYXIjMTkyM0I2QS5wZGYADgCAAD8ATQB5AHQAaABlAFMAdAByAHUAYwB0AHUAcgBhAG4AdABfAGEAcgB0AGkAYwBsAGUAXwBzAHAAZwBlAG8AXwAwADAANAA2AC0AMgA0ADkANwBfADEAOQA5ADMAXwBuAHUAbQBfADIAMgBfADMAXwAzADIAMAA5AC4AcABkAGYADwAaAAwATQBhAGMAaQBuAHQAbwBzAGgAIABIAEQAEgCBVXNlcnMvSnVzdGUvRG9jdW1lbnRzL0NvbXBsZXhTeXN0ZW1zL01pc2MvUHJvamV0VGhlc2UvQmlibGlvL0RvY3MvTXl0aGVTdHJ1Y3R1cmFudF9hcnRpY2xlX3NwZ2VvXzAwNDYtMjQ5N18xOTkzX251bV8yMl8zXzMyMDkucGRmAAATAAEvAAAVAAIADP//AADSGxwdHlokY2xhc3NuYW1lWCRjbGFzc2VzXU5TTXV0YWJsZURhdGGjHR8gVk5TRGF0YVhOU09iamVjdNIbHCIjXE5TRGljdGlvbmFyeaIiIF8QD05TS2V5ZWRBcmNoaXZlctEmJ1Ryb290gAEACAARABoAIwAtADIANwBAAEYATQBUAFwAZwBpAGwAbgBwAHMAdQB3AIQAjgD2APsBAwEFA5UDmgOlA64DvAPAA8cD0APVA+ID5QP3A/oD/wAAAAAAAAIBAAAAAAAAACgAAAAAAAAAAAAAAAAAAAQB}}

@article{putman1975urban,
	Author = {Putman, Stephen H},
	Date-Added = {2015-02-24 09:20:29 +0000},
	Date-Modified = {2015-02-24 09:20:29 +0000},
	Journal = {Transportation Research},
	Number = {2},
	Pages = {187--202},
	Publisher = {Elsevier},
	Title = {Urban land use and transportation models: A state-of-the-art summary},
	Volume = {9},
	Year = {1975},
	Bdsk-File-1 = {YnBsaXN0MDDUAQIDBAUGJCVYJHZlcnNpb25YJG9iamVjdHNZJGFyY2hpdmVyVCR0b3ASAAGGoKgHCBMUFRYaIVUkbnVsbNMJCgsMDRBWJGNsYXNzV05TLmtleXNaTlMub2JqZWN0c4AHog4PgAKAA6IREoAEgAVccmVsYXRpdmVQYXRoWWFsaWFzRGF0YV8QWi4uL0RvY3MvTFVUSS9VcmJhbkxhbmRVc2VUcmFuc3BvcnRhdGlvbl8xOTc0U3RhdGVPZlRoZUFydF8xLXMyLjAtMDA0MTE2NDc3NTkwMDU2OC1tYWluLnBkZtIJFxgZV05TLmRhdGGABk8RArYAAAAAArYAAgAADE1hY2ludG9zaCBIRAAAAAAAAAAAAAAAAAAAAMpBBgxIKwAAAiH+Lh9VcmJhbkxhbmRVc2VUcmFuc3BvIzIyMjRGREEucGRmAAAAAAAAAAAAAAAAAAAAAAAAAAAAAAAAAAAAAAAAAAACIk/a0Qk3MwAAAAAAAAAAAAEAAwAACSAAAAAAAAAAAAAAAAAAAAAETFVUSQAQAAgAAMpA6ewAAAARAAgAANEJKSMAAAABACACIf4uAiH5LQIh+RkCIfkQAJDCKQAFAhUABQIUAAC+7AACAHZNYWNpbnRvc2ggSEQ6VXNlcnM6AEp1c3RlOgBEb2N1bWVudHM6AENvbXBsZXhTeXN0ZW1zOgBDaXR5TmV0d29yazoAQmlibGlvOgBEb2NzOgBMVVRJOgBVcmJhbkxhbmRVc2VUcmFuc3BvIzIyMjRGREEucGRmAA4AnABNAFUAcgBiAGEAbgBMAGEAbgBkAFUAcwBlAFQAcgBhAG4AcwBwAG8AcgB0AGEAdABpAG8AbgBfADEAOQA3ADQAUwB0AGEAdABlAE8AZgBUAGgAZQBBAHIAdABfADEALQBzADIALgAwAC0AMAAwADQAMQAxADYANAA3ADcANQA5ADAAMAA1ADYAOAAtAG0AYQBpAG4ALgBwAGQAZgAPABoADABNAGEAYwBpAG4AdABvAHMAaAAgAEgARAASAI9Vc2Vycy9KdXN0ZS9Eb2N1bWVudHMvQ29tcGxleFN5c3RlbXMvQ2l0eU5ldHdvcmsvQmlibGlvL0RvY3MvTFVUSS9VcmJhbkxhbmRVc2VUcmFuc3BvcnRhdGlvbl8xOTc0U3RhdGVPZlRoZUFydF8xLXMyLjAtMDA0MTE2NDc3NTkwMDU2OC1tYWluLnBkZgAAEwABLwAAFQACAAz//wAA0hscHR5aJGNsYXNzbmFtZVgkY2xhc3Nlc11OU011dGFibGVEYXRhox0fIFZOU0RhdGFYTlNPYmplY3TSGxwiI1xOU0RpY3Rpb25hcnmiIiBfEA9OU0tleWVkQXJjaGl2ZXLRJidUcm9vdIABAAgAEQAaACMALQAyADcAQABGAE0AVABcAGcAaQBsAG4AcABzAHUAdwCEAI4A6wDwAPgA+gO0A7kDxAPNA9sD3wPmA+8D9AQBBAQEFgQZBB4AAAAAAAACAQAAAAAAAAAoAAAAAAAAAAAAAAAAAAAEIA==}}

@inproceedings{raimbault2014hybrid,
	Author = {Raimbault, J. and Banos, A. and Doursat, R.},
	Booktitle = {Proceedings of the 4th International Conference on Complex Systems and Applications (ICCSA 2014), June 23-26, 2014, Universit{\'e} de Normandie, Le Havre, France; M. A. Aziz-Alaoui, C. Bertelle, X. Z. Liu, D. Olivier, eds.: pp. 51-60.},
	Date-Added = {2015-02-24 09:20:29 +0000},
	Date-Modified = {2015-02-24 09:20:29 +0000},
	Title = {A hybrid network/grid model of urban morphogenesis and optimization},
	Year = {2014},
	Bdsk-File-1 = {YnBsaXN0MDDUAQIDBAUGJCVYJHZlcnNpb25YJG9iamVjdHNZJGFyY2hpdmVyVCR0b3ASAAGGoKgHCBMUFRYaIVUkbnVsbNMJCgsMDRBWJGNsYXNzV05TLmtleXNaTlMub2JqZWN0c4AHog4PgAKAA6IREoAEgAVccmVsYXRpdmVQYXRoWWFsaWFzRGF0YV8QSi4uL0RvY3MvVXJiYW5Nb3JwaG9nZW5lc2lzL1JhaW1iYXVsdF9CYW5vc19Eb3Vyc2F0XzIwMTRfdXJibW9ycGhfSUNDU0EucGRm0gkXGBlXTlMuZGF0YYAGTxEChgAAAAAChgACAAAMTWFjaW50b3NoIEhEAAAAAAAAAAAAAAAAAAAAykEGDEgrAAACIg28H1JhaW1iYXVsdF9CYW5vc19Eb3UjMjI0N0EyMi5wZGYAAAAAAAAAAAAAAAAAAAAAAAAAAAAAAAAAAAAAAAAAAAIkeiLPx8OkAAAAAAAAAAAAAQADAAAJIAAAAAAAAAAAAAAAAAAAABJVcmJhbk1vcnBob2dlbmVzaXMAEAAIAADKQOnsAAAAEQAIAADPx6eEAAAAAQAgAiINvAIh+S0CIfkZAiH5EACQwikABQIVAAUCFAAAvuwAAgCETWFjaW50b3NoIEhEOlVzZXJzOgBKdXN0ZToARG9jdW1lbnRzOgBDb21wbGV4U3lzdGVtczoAQ2l0eU5ldHdvcms6AEJpYmxpbzoARG9jczoAVXJiYW5Nb3JwaG9nZW5lc2lzOgBSYWltYmF1bHRfQmFub3NfRG91IzIyNDdBMjIucGRmAA4AYAAvAFIAYQBpAG0AYgBhAHUAbAB0AF8AQgBhAG4AbwBzAF8ARABvAHUAcgBzAGEAdABfADIAMAAxADQAXwB1AHIAYgBtAG8AcgBwAGgAXwBJAEMAQwBTAEEALgBwAGQAZgAPABoADABNAGEAYwBpAG4AdABvAHMAaAAgAEgARAASAH9Vc2Vycy9KdXN0ZS9Eb2N1bWVudHMvQ29tcGxleFN5c3RlbXMvQ2l0eU5ldHdvcmsvQmlibGlvL0RvY3MvVXJiYW5Nb3JwaG9nZW5lc2lzL1JhaW1iYXVsdF9CYW5vc19Eb3Vyc2F0XzIwMTRfdXJibW9ycGhfSUNDU0EucGRmAAATAAEvAAAVAAIADP//AADSGxwdHlokY2xhc3NuYW1lWCRjbGFzc2VzXU5TTXV0YWJsZURhdGGjHR8gVk5TRGF0YVhOU09iamVjdNIbHCIjXE5TRGljdGlvbmFyeaIiIF8QD05TS2V5ZWRBcmNoaXZlctEmJ1Ryb290gAEACAARABoAIwAtADIANwBAAEYATQBUAFwAZwBpAGwAbgBwAHMAdQB3AIQAjgDbAOAA6ADqA3QDeQOEA40DmwOfA6YDrwO0A8EDxAPWA9kD3gAAAAAAAAIBAAAAAAAAACgAAAAAAAAAAAAAAAAAAAPg}}

@article{rui2013urban,
	Author = {Rui, Yikang},
	Date-Added = {2015-02-24 09:20:29 +0000},
	Date-Modified = {2015-02-24 09:20:29 +0000},
	Title = {Urban Growth Modeling Based on Land-use Changes and Road Network Expansion},
	Year = {2013},
	Bdsk-File-1 = {YnBsaXN0MDDUAQIDBAUGJCVYJHZlcnNpb25YJG9iamVjdHNZJGFyY2hpdmVyVCR0b3ASAAGGoKgHCBMUFRYaIVUkbnVsbNMJCgsMDRBWJGNsYXNzV05TLmtleXNaTlMub2JqZWN0c4AHog4PgAKAA6IREoAEgAVccmVsYXRpdmVQYXRoWWFsaWFzRGF0YV8QGy4uL0RvY3MvTWlzYy9GVUxMVEVYVDAxLnBkZtIJFxgZV05TLmRhdGGABk8RAegAAAAAAegAAgAADE1hY2ludG9zaCBIRAAAAAAAAAAAAAAAAAAAAMpBBgxIKwAAAiPQ/g5GVUxMVEVYVDAxLnBkZgAAAAAAAAAAAAAAAAAAAAAAAAAAAAAAAAAAAAAAAAAAAAAAAAAAAAAAAAAAAAAAAAACI9kq0QpoXwAAAAAAAAAAAAEAAwAACSAAAAAAAAAAAAAAAAAAAAAETWlzYwAQAAgAAMpA6ewAAAARAAgAANEKWk8AAAABACACI9D+AiH5LQIh+RkCIfkQAJDCKQAFAhUABQIUAAC+7AACAGVNYWNpbnRvc2ggSEQ6VXNlcnM6AEp1c3RlOgBEb2N1bWVudHM6AENvbXBsZXhTeXN0ZW1zOgBDaXR5TmV0d29yazoAQmlibGlvOgBEb2NzOgBNaXNjOgBGVUxMVEVYVDAxLnBkZgAADgAeAA4ARgBVAEwATABUAEUAWABUADAAMQAuAHAAZABmAA8AGgAMAE0AYQBjAGkAbgB0AG8AcwBoACAASABEABIAUFVzZXJzL0p1c3RlL0RvY3VtZW50cy9Db21wbGV4U3lzdGVtcy9DaXR5TmV0d29yay9CaWJsaW8vRG9jcy9NaXNjL0ZVTExURVhUMDEucGRmABMAAS8AABUAAgAM//8AANIbHB0eWiRjbGFzc25hbWVYJGNsYXNzZXNdTlNNdXRhYmxlRGF0YaMdHyBWTlNEYXRhWE5TT2JqZWN00hscIiNcTlNEaWN0aW9uYXJ5oiIgXxAPTlNLZXllZEFyY2hpdmVy0SYnVHJvb3SAAQAIABEAGgAjAC0AMgA3AEAARgBNAFQAXABnAGkAbABuAHAAcwB1AHcAhACOAKwAsQC5ALsCpwKsArcCwALOAtIC2QLiAucC9AL3AwkDDAMRAAAAAAAAAgEAAAAAAAAAKAAAAAAAAAAAAAAAAAAAAxM=}}

@article{TeroAl10,
	Abstract = {Transport networks are ubiquitous in both social and biological systems. Robust network performance involves a complex trade-off involving cost, transport efficiency, and fault tolerance. Biological networks have been honed by many cycles of evolutionary selection pressure and are likely to yield reasonable solutions to such combinatorial optimization problems. Furthermore, they develop without centralized control and may represent a readily scalable solution for growing networks in general. We show that the slime mold Physarum polycephalum forms networks with comparable efficiency, fault tolerance, and cost to those of real-world infrastructure networks---in this case, the Tokyo rail system. The core mechanisms needed for adaptive network formation can be captured in a biologically inspired mathematical model that may be useful to guide network construction in other domains.},
	Author = {Tero, Atsushi and Takagi, Seiji and Saigusa, Tetsu and Ito, Kentaro and Bebber, Dan P. and Fricker, Mark D. and Yumiki, Kenji and Kobayashi, Ryo and Nakagaki, Toshiyuki},
	Date-Added = {2015-02-24 09:20:29 +0000},
	Date-Modified = {2015-02-24 09:20:29 +0000},
	Doi = {10.1126/science.1177894},
	Eprint = {http://www.sciencemag.org/content/327/5964/439.full.pdf},
	Journal = {Science},
	Number = {5964},
	Pages = {439-442},
	Reading = {FPC},
	Title = {Rules for Biologically Inspired Adaptive Network Design},
	Url = {http://www.sciencemag.org/content/327/5964/439.abstract},
	Usage = {T},
	Volume = {327},
	Year = {2010},
	Bdsk-File-1 = {YnBsaXN0MDDUAQIDBAUGJCVYJHZlcnNpb25YJG9iamVjdHNZJGFyY2hpdmVyVCR0b3ASAAGGoKgHCBMUFRYaIVUkbnVsbNMJCgsMDRBWJGNsYXNzV05TLmtleXNaTlMub2JqZWN0c4AHog4PgAKAA6IREoAEgAVccmVsYXRpdmVQYXRoWWFsaWFzRGF0YV8QYS4uL0RvY3MvTmV0d29ya0dyb3d0aC9CaW9sb2dpY2FsL1J1bGVzIGZvciBCaW9sb2dpY2FsbHkgSW5zcGlyZWQgQWRhcHRpdmUgTmV0d29yayBEZXNpZ24gVGVyby5wZGbSCRcYGVdOUy5kYXRhgAZPEQLCAAAAAALCAAIAAAxNYWNpbnRvc2ggSEQAAAAAAAAAAAAAAAAAAADKQQYMSCsAAAIj5jQfUnVsZXMgZm9yIEJpb2xvZ2ljYSMyMjNFNkM1LnBkZgAAAAAAAAAAAAAAAAAAAAAAAAAAAAAAAAAAAAAAAAAAAiPmxcyjK+YAAAAAAAAAAAABAAQAAAkgAAAAAAAAAAAAAAAAAAAACkJpb2xvZ2ljYWwAEAAIAADKQOnsAAAAEQAIAADMow/GAAAAAQAkAiPmNAIh/aQCIfktAiH5GQIh+RAAkMIpAAUCFQAFAhQAAL7sAAIAi01hY2ludG9zaCBIRDpVc2VyczoASnVzdGU6AERvY3VtZW50czoAQ29tcGxleFN5c3RlbXM6AENpdHlOZXR3b3JrOgBCaWJsaW86AERvY3M6AE5ldHdvcmtHcm93dGg6AEJpb2xvZ2ljYWw6AFJ1bGVzIGZvciBCaW9sb2dpY2EjMjIzRTZDNS5wZGYAAA4AggBAAFIAdQBsAGUAcwAgAGYAbwByACAAQgBpAG8AbABvAGcAaQBjAGEAbABsAHkAIABJAG4AcwBwAGkAcgBlAGQAIABBAGQAYQBwAHQAaQB2AGUAIABOAGUAdAB3AG8AcgBrACAARABlAHMAaQBnAG4AIABUAGUAcgBvAC4AcABkAGYADwAaAAwATQBhAGMAaQBuAHQAbwBzAGgAIABIAEQAEgCWVXNlcnMvSnVzdGUvRG9jdW1lbnRzL0NvbXBsZXhTeXN0ZW1zL0NpdHlOZXR3b3JrL0JpYmxpby9Eb2NzL05ldHdvcmtHcm93dGgvQmlvbG9naWNhbC9SdWxlcyBmb3IgQmlvbG9naWNhbGx5IEluc3BpcmVkIEFkYXB0aXZlIE5ldHdvcmsgRGVzaWduIFRlcm8ucGRmABMAAS8AABUAAgAM//8AANIbHB0eWiRjbGFzc25hbWVYJGNsYXNzZXNdTlNNdXRhYmxlRGF0YaMdHyBWTlNEYXRhWE5TT2JqZWN00hscIiNcTlNEaWN0aW9uYXJ5oiIgXxAPTlNLZXllZEFyY2hpdmVy0SYnVHJvb3SAAQAIABEAGgAjAC0AMgA3AEAARgBNAFQAXABnAGkAbABuAHAAcwB1AHcAhACOAPIA9wD/AQEDxwPMA9cD4APuA/ID+QQCBAcEFAQXBCkELAQxAAAAAAAAAgEAAAAAAAAAKAAAAAAAAAAAAAAAAAAABDM=},
	Bdsk-Url-1 = {http://www.sciencemag.org/content/327/5964/439.abstract},
	Bdsk-Url-2 = {http://dx.doi.org/10.1126/science.1177894}}

@article{wegener2004land,
	Author = {Wegener, Michael and F{\"u}rst, Franz},
	Date-Added = {2015-02-24 09:20:29 +0000},
	Date-Modified = {2015-02-24 09:20:29 +0000},
	Journal = {Available at SSRN 1434678},
	Reading = {A},
	Title = {Land-use transport interaction: state of the art},
	Usage = {GSB},
	Year = {2004},
	Bdsk-File-1 = {YnBsaXN0MDDUAQIDBAUGJCVYJHZlcnNpb25YJG9iamVjdHNZJGFyY2hpdmVyVCR0b3ASAAGGoKgHCBMUFRYaIVUkbnVsbNMJCgsMDRBWJGNsYXNzV05TLmtleXNaTlMub2JqZWN0c4AHog4PgAKAA6IREoAEgAVccmVsYXRpdmVQYXRoWWFsaWFzRGF0YV8QMS4uL0RvY3MvTFVUSS9TdGF0ZU9mQXJ0V2VnZW5lcl9TU1JOLWlkMTQzNDY3OC5wZGbSCRcYGVdOUy5kYXRhgAZPEQI6AAAAAAI6AAIAAAxNYWNpbnRvc2ggSEQAAAAAAAAAAAAAAAAAAADKQQYMSCsAAAIh/i4fU3RhdGVPZkFydFdlZ2VuZXJfUyMyMjI1MDM4LnBkZgAAAAAAAAAAAAAAAAAAAAAAAAAAAAAAAAAAAAAAAAAAAiJQOM9BUVQAAAAAAAAAAAABAAMAAAkgAAAAAAAAAAAAAAAAAAAABExVVEkAEAAIAADKQOnsAAAAEQAIAADPQUNEAAAAAQAgAiH+LgIh+S0CIfkZAiH5EACQwikABQIVAAUCFAAAvuwAAgB2TWFjaW50b3NoIEhEOlVzZXJzOgBKdXN0ZToARG9jdW1lbnRzOgBDb21wbGV4U3lzdGVtczoAQ2l0eU5ldHdvcms6AEJpYmxpbzoARG9jczoATFVUSToAU3RhdGVPZkFydFdlZ2VuZXJfUyMyMjI1MDM4LnBkZgAOAEoAJABTAHQAYQB0AGUATwBmAEEAcgB0AFcAZQBnAGUAbgBlAHIAXwBTAFMAUgBOAC0AaQBkADEANAAzADQANgA3ADgALgBwAGQAZgAPABoADABNAGEAYwBpAG4AdABvAHMAaAAgAEgARAASAGZVc2Vycy9KdXN0ZS9Eb2N1bWVudHMvQ29tcGxleFN5c3RlbXMvQ2l0eU5ldHdvcmsvQmlibGlvL0RvY3MvTFVUSS9TdGF0ZU9mQXJ0V2VnZW5lcl9TU1JOLWlkMTQzNDY3OC5wZGYAEwABLwAAFQACAAz//wAA0hscHR5aJGNsYXNzbmFtZVgkY2xhc3Nlc11OU011dGFibGVEYXRhox0fIFZOU0RhdGFYTlNPYmplY3TSGxwiI1xOU0RpY3Rpb25hcnmiIiBfEA9OU0tleWVkQXJjaGl2ZXLRJidUcm9vdIABAAgAEQAaACMALQAyADcAQABGAE0AVABcAGcAaQBsAG4AcABzAHUAdwCEAI4AwgDHAM8A0QMPAxQDHwMoAzYDOgNBA0oDTwNcA18DcQN0A3kAAAAAAAACAQAAAAAAAAAoAAAAAAAAAAAAAAAAAAADew==}}

@article{xie2009modeling,
	Author = {Xie, Feng and Levinson, David},
	Date-Added = {2015-02-24 09:20:29 +0000},
	Date-Modified = {2015-02-24 09:20:29 +0000},
	Journal = {Networks and Spatial Economics},
	Number = {3},
	Pages = {291--307},
	Publisher = {Springer},
	Title = {Modeling the growth of transportation networks: A comprehensive review},
	Volume = {9},
	Year = {2009},
	Bdsk-File-1 = {YnBsaXN0MDDUAQIDBAUGJCVYJHZlcnNpb25YJG9iamVjdHNZJGFyY2hpdmVyVCR0b3ASAAGGoKgHCBMUFRYaIVUkbnVsbNMJCgsMDRBWJGNsYXNzV05TLmtleXNaTlMub2JqZWN0c4AHog4PgAKAA6IREoAEgAVccmVsYXRpdmVQYXRoWWFsaWFzRGF0YV8QXy4uLy4uLy4uL01pc2MvUHJvamV0VGhlc2UvQmlibGlvL0RvY3MvQ29tcHJlaGVuc2l2ZVJldmlld19hcnQlM0ExMC4xMDA3JTJGczExMDY3LTAwNy05MDM3LTQucGRm0gkXGBlXTlMuZGF0YYAGTxECegAAAAACegACAAAMTWFjaW50b3NoIEhEAAAAAAAAAAAAAAAAAAAAykEGDEgrAAABkjfPH0NvbXByZWhlbnNpdmVSZXZpZXcjMTk2OTQ3NS5wZGYAAAAAAAAAAAAAAAAAAAAAAAAAAAAAAAAAAAAAAAAAAAGWlHXPY1mYAAAAAAAAAAAAAwAFAAAJIAAAAAAAAAAAAAAAAAAAAAREb2NzABAACAAAykDp7AAAABEACAAAz2M9eAAAAAEAIAGSN88BkjfNAZI3ywF41FQAkMIpAAUCFQAFAhQAAL7sAAIAdk1hY2ludG9zaCBIRDpVc2VyczoASnVzdGU6AERvY3VtZW50czoAQ29tcGxleFN5c3RlbXM6AE1pc2M6AFByb2pldFRoZXNlOgBCaWJsaW86AERvY3M6AENvbXByZWhlbnNpdmVSZXZpZXcjMTk2OTQ3NS5wZGYADgB0ADkAQwBvAG0AcAByAGUAaABlAG4AcwBpAHYAZQBSAGUAdgBpAGUAdwBfAGEAcgB0ACUAMwBBADEAMAAuADEAMAAwADcAJQAyAEYAcwAxADEAMAA2ADcALQAwADAANwAtADkAMAAzADcALQA0AC4AcABkAGYADwAaAAwATQBhAGMAaQBuAHQAbwBzAGgAIABIAEQAEgB7VXNlcnMvSnVzdGUvRG9jdW1lbnRzL0NvbXBsZXhTeXN0ZW1zL01pc2MvUHJvamV0VGhlc2UvQmlibGlvL0RvY3MvQ29tcHJlaGVuc2l2ZVJldmlld19hcnQlM0ExMC4xMDA3JTJGczExMDY3LTAwNy05MDM3LTQucGRmAAATAAEvAAAVAAIADP//AADSGxwdHlokY2xhc3NuYW1lWCRjbGFzc2VzXU5TTXV0YWJsZURhdGGjHR8gVk5TRGF0YVhOU09iamVjdNIbHCIjXE5TRGljdGlvbmFyeaIiIF8QD05TS2V5ZWRBcmNoaXZlctEmJ1Ryb290gAEACAARABoAIwAtADIANwBAAEYATQBUAFwAZwBpAGwAbgBwAHMAdQB3AIQAjgDwAPUA/QD/A30DggONA5YDpAOoA68DuAO9A8oDzQPfA+ID5wAAAAAAAAIBAAAAAAAAACgAAAAAAAAAAAAAAAAAAAPp}}

@incollection{zhang2007economics,
	Author = {Zhang, Lei and Levinson, David},
	Booktitle = {Essays on transport economics},
	Date-Added = {2015-02-24 09:20:29 +0000},
	Date-Modified = {2015-02-24 09:20:29 +0000},
	Pages = {317--339},
	Publisher = {Springer},
	Title = {The economics of transportation network growth},
	Year = {2007},
	Bdsk-File-1 = {YnBsaXN0MDDUAQIDBAUGJCVYJHZlcnNpb25YJG9iamVjdHNZJGFyY2hpdmVyVCR0b3ASAAGGoKgHCBMUFRYaIVUkbnVsbNMJCgsMDRBWJGNsYXNzV05TLmtleXNaTlMub2JqZWN0c4AHog4PgAKAA6IREoAEgAVccmVsYXRpdmVQYXRoWWFsaWFzRGF0YV8QTi4uLy4uLy4uL01pc2MvUHJvamV0VGhlc2UvQmlibGlvL0RvY3MvRWNvbm9taWNOZXR3b3JrR3Jvd3RoXzEwLjEuMS43NS41OTMxLnBkZtIJFxgZV05TLmRhdGGABk8RAkYAAAAAAkYAAgAADE1hY2ludG9zaCBIRAAAAAAAAAAAAAAAAAAAAMpBBgxIKwAAAZI3zx9FY29ub21pY05ldHdvcmtHcm93IzE5Njk2MEYucGRmAAAAAAAAAAAAAAAAAAAAAAAAAAAAAAAAAAAAAAAAAAABlpYPz2NaGgAAAAAAAAAAAAMABQAACSAAAAAAAAAAAAAAAAAAAAAERG9jcwAQAAgAAMpA6ewAAAARAAgAAM9jPfoAAAABACABkjfPAZI3zQGSN8sBeNRUAJDCKQAFAhUABQIUAAC+7AACAHZNYWNpbnRvc2ggSEQ6VXNlcnM6AEp1c3RlOgBEb2N1bWVudHM6AENvbXBsZXhTeXN0ZW1zOgBNaXNjOgBQcm9qZXRUaGVzZToAQmlibGlvOgBEb2NzOgBFY29ub21pY05ldHdvcmtHcm93IzE5Njk2MEYucGRmAA4AUgAoAEUAYwBvAG4AbwBtAGkAYwBOAGUAdAB3AG8AcgBrAEcAcgBvAHcAdABoAF8AMQAwAC4AMQAuADEALgA3ADUALgA1ADkAMwAxAC4AcABkAGYADwAaAAwATQBhAGMAaQBuAHQAbwBzAGgAIABIAEQAEgBqVXNlcnMvSnVzdGUvRG9jdW1lbnRzL0NvbXBsZXhTeXN0ZW1zL01pc2MvUHJvamV0VGhlc2UvQmlibGlvL0RvY3MvRWNvbm9taWNOZXR3b3JrR3Jvd3RoXzEwLjEuMS43NS41OTMxLnBkZgATAAEvAAAVAAIADP//AADSGxwdHlokY2xhc3NuYW1lWCRjbGFzc2VzXU5TTXV0YWJsZURhdGGjHR8gVk5TRGF0YVhOU09iamVjdNIbHCIjXE5TRGljdGlvbmFyeaIiIF8QD05TS2V5ZWRBcmNoaXZlctEmJ1Ryb290gAEACAARABoAIwAtADIANwBAAEYATQBUAFwAZwBpAGwAbgBwAHMAdQB3AIQAjgDfAOQA7ADuAzgDPQNIA1EDXwNjA2oDcwN4A4UDiAOaA50DogAAAAAAAAIBAAAAAAAAACgAAAAAAAAAAAAAAAAAAAOk}}
