

@inproceedings{hamerly2003learning,
  title={Learning the k in k-means},
  author={Hamerly, Greg and Elkan, Charles and others},
  booktitle={NIPS},
  volume={3},
  pages={281--288},
  year={2003}
}


