%% This BibTeX bibliography file was created using BibDesk.
%% http://bibdesk.sourceforge.net/


%% Created for Juste Raimbault at 2016-01-08 13:38:41 +0100 


%% Saved with string encoding Occidental (ISO Latin 1) 



@article{2015arXiv150701033P,
	Adsnote = {Provided by the SAO/NASA Astrophysics Data System},
	Adsurl = {http://adsabs.harvard.edu/abs/2015arXiv150701033P},
	Archiveprefix = {arXiv},
	Author = {{Potiron}, Y. and {Mykland}, P.},
	Date-Added = {2016-01-08 12:38:16 +0000},
	Date-Modified = {2016-01-08 12:38:16 +0000},
	Eprint = {1507.01033},
	Journal = {ArXiv e-prints},
	Keywords = {Quantitative Finance - Statistical Finance},
	Month = jul,
	Primaryclass = {q-fin.ST},
	Title = {{Estimation of integrated quadratic covariation between two assets with endogenous sampling times}},
	Year = 2015,
	Bdsk-File-1 = {YnBsaXN0MDDUAQIDBAUGJCVYJHZlcnNpb25YJG9iamVjdHNZJGFyY2hpdmVyVCR0b3ASAAGGoKgHCBMUFRYaIVUkbnVsbNMJCgsMDxJXTlMua2V5c1pOUy5vYmplY3RzViRjbGFzc6INDoACgAOiEBGABIAFgAdccmVsYXRpdmVQYXRoWWFsaWFzRGF0YV8QFURvY3MvMTUwNy4wMTAzM3YyLnBkZtIXCxgZV05TLmRhdGFPEQIuAAAAAAIuAAIAAAxNYWNpbnRvc2ggSEQAAAAAAAAAAAAAAAAAAADKQQYMSCsAAAPrdZsQMTUwNy4wMTAzM3YyLnBkZgAAAAAAAAAAAAAAAAAAAAAAAAAAAAAAAAAAAAAAAAAAAAAAAAAAAAAAAAAAAAAAA+yxnNK1bCQAAAAAAAAAAAABAAMAAAkgAAAAAAAAAAAAAAAAAAAABERvY3MAEAAIAADKQOnsAAAAEQAIAADStV4UAAAAAQAsA+t1mwPrdZoDpASOA2qoTAJXmGsCIfkvAiH5EACQwikABQIVAAUCFAAAvuwAAgCCTWFjaW50b3NoIEhEOlVzZXJzOgBKdXN0ZToARG9jdW1lbnRzOgBDb21wbGV4U3lzdGVtczoAQ2l0eU5ldHdvcms6AERvY3M6AFBhcGVyczoAUm9jaGVicnVuZToAUGFwZXI6AGJpYmxpbzoARG9jczoAMTUwNy4wMTAzM3YyLnBkZgAOACIAEAAxADUAMAA3AC4AMAAxADAAMwAzAHYAMgAuAHAAZABmAA8AGgAMAE0AYQBjAGkAbgB0AG8AcwBoACAASABEABIAalVzZXJzL0p1c3RlL0RvY3VtZW50cy9Db21wbGV4U3lzdGVtcy9DaXR5TmV0d29yay9Eb2NzL1BhcGVycy9Sb2NoZWJydW5lL1BhcGVyL2JpYmxpby9Eb2NzLzE1MDcuMDEwMzN2Mi5wZGYAEwABLwAAFQACAAz//wAAgAbSGxwdHlokY2xhc3NuYW1lWCRjbGFzc2VzXU5TTXV0YWJsZURhdGGjHR8gVk5TRGF0YVhOU09iamVjdNIbHCIjXE5TRGljdGlvbmFyeaIiIF8QD05TS2V5ZWRBcmNoaXZlctEmJ1Ryb290gAEACAARABoAIwAtADIANwBAAEYATQBVAGAAZwBqAGwAbgBxAHMAdQB3AIQAjgCmAKsAswLlAucC7AL3AwADDgMSAxkDIgMnAzQDNwNJA0wDUQAAAAAAAAIBAAAAAAAAACgAAAAAAAAAAAAAAAAAAANT}}

@article{ye2011investigation,
	Author = {Ye, Xin},
	Date-Added = {2016-01-07 15:29:09 +0000},
	Date-Modified = {2016-01-07 15:29:09 +0000},
	Journal = {Transportation Research Record: Journal of the Transportation Research Board},
	Number = {2254},
	Pages = {36--43},
	Publisher = {Transportation Research Board of the National Academies},
	Title = {Investigation of Underlying Distributional Assumption in Nested Logit Model Using Copula-Based Simulation and Numerical Approximation},
	Year = {2011}}

@article{van2006syntren,
	Author = {Van den Bulcke, Tim and Van Leemput, Koenraad and Naudts, Bart and van Remortel, Piet and Ma, Hongwu and Verschoren, Alain and De Moor, Bart and Marchal, Kathleen},
	Date-Added = {2016-01-07 13:31:33 +0000},
	Date-Modified = {2016-01-07 13:31:33 +0000},
	Journal = {BMC bioinformatics},
	Number = {1},
	Pages = {43},
	Publisher = {BioMed Central Ltd},
	Title = {SynTReN: a generator of synthetic gene expression data for design and analysis of structure learning algorithms},
	Volume = {7},
	Year = {2006},
	Bdsk-File-1 = {YnBsaXN0MDDUAQIDBAUGJCVYJHZlcnNpb25YJG9iamVjdHNZJGFyY2hpdmVyVCR0b3ASAAGGoKgHCBMUFRYaIVUkbnVsbNMJCgsMDxJXTlMua2V5c1pOUy5vYmplY3RzViRjbGFzc6INDoACgAOiEBGABIAFgAdccmVsYXRpdmVQYXRoWWFsaWFzRGF0YV8QRERvY3MvR2VuZUV4cHJlc3Npb25CaW9JbmZvcm1hdGljc19hcnQlM0ExMC4xMTg2JTJGMTQ3MS0yMTA1LTctNDMucGRm0hcLGBlXTlMuZGF0YU8RAswAAAAAAswAAgAADE1hY2ludG9zaCBIRAAAAAAAAAAAAAAAAAAAAMpBBgxIKwAAA+t1mx9HZW5lRXhwcmVzc2lvbkJpb0luIzNFQkQ0RjYucGRmAAAAAAAAAAAAAAAAAAAAAAAAAAAAAAAAAAAAAAAAAAAD69T20rQm+wAAAAAAAAAAAAEAAwAACSAAAAAAAAAAAAAAAAAAAAAERG9jcwAQAAgAAMpA6ewAAAARAAgAANK0GOsAAAABACwD63WbA+t1mgOkBI4DaqhMAleYawIh+S8CIfkQAJDCKQAFAhUABQIUAAC+7AACAJFNYWNpbnRvc2ggSEQ6VXNlcnM6AEp1c3RlOgBEb2N1bWVudHM6AENvbXBsZXhTeXN0ZW1zOgBDaXR5TmV0d29yazoARG9jczoAUGFwZXJzOgBSb2NoZWJydW5lOgBQYXBlcjoAYmlibGlvOgBEb2NzOgBHZW5lRXhwcmVzc2lvbkJpb0luIzNFQkQ0RjYucGRmAAAOAIAAPwBHAGUAbgBlAEUAeABwAHIAZQBzAHMAaQBvAG4AQgBpAG8ASQBuAGYAbwByAG0AYQB0AGkAYwBzAF8AYQByAHQAJQAzAEEAMQAwAC4AMQAxADgANgAlADIARgAxADQANwAxAC0AMgAxADAANQAtADcALQA0ADMALgBwAGQAZgAPABoADABNAGEAYwBpAG4AdABvAHMAaAAgAEgARAASAJlVc2Vycy9KdXN0ZS9Eb2N1bWVudHMvQ29tcGxleFN5c3RlbXMvQ2l0eU5ldHdvcmsvRG9jcy9QYXBlcnMvUm9jaGVicnVuZS9QYXBlci9iaWJsaW8vRG9jcy9HZW5lRXhwcmVzc2lvbkJpb0luZm9ybWF0aWNzX2FydCUzQTEwLjExODYlMkYxNDcxLTIxMDUtNy00My5wZGYAABMAAS8AABUAAgAM//8AAIAG0hscHR5aJGNsYXNzbmFtZVgkY2xhc3Nlc11OU011dGFibGVEYXRhox0fIFZOU0RhdGFYTlNPYmplY3TSGxwiI1xOU0RpY3Rpb25hcnmiIiBfEA9OU0tleWVkQXJjaGl2ZXLRJidUcm9vdIABAAgAEQAaACMALQAyADcAQABGAE0AVQBgAGcAagBsAG4AcQBzAHUAdwCEAI4A1QDaAOIDsgO0A7kDxAPNA9sD3wPmA+8D9AQBBAQEFgQZBB4AAAAAAAACAQAAAAAAAAAoAAAAAAAAAAAAAAAAAAAEIA==}}

@article{garrow2010generation,
	Author = {Garrow, Laurie A and Bodea, Tudor D and Lee, Misuk},
	Date-Added = {2016-01-07 10:45:14 +0000},
	Date-Modified = {2016-01-07 10:45:14 +0000},
	Journal = {Transportation},
	Number = {2},
	Pages = {183--202},
	Publisher = {Springer},
	Title = {Generation of synthetic datasets for discrete choice analysis},
	Volume = {37},
	Year = {2010},
	Bdsk-File-1 = {YnBsaXN0MDDUAQIDBAUGJCVYJHZlcnNpb25YJG9iamVjdHNZJGFyY2hpdmVyVCR0b3ASAAGGoKgHCBMUFRYaIVUkbnVsbNMJCgsMDxJXTlMua2V5c1pOUy5vYmplY3RzViRjbGFzc6INDoACgAOiEBGABIAFgAdccmVsYXRpdmVQYXRoWWFsaWFzRGF0YV8QKkRvY3MvYXJ0JTNBMTAuMTAwNyUyRnMxMTExNi0wMDktOTIyOC02LnBkZtIXCxgZV05TLmRhdGFPEQJ+AAAAAAJ+AAIAAAxNYWNpbnRvc2ggSEQAAAAAAAAAAAAAAAAAAADKQQYMSCsAAAPrdZsfYXJ0JTNBMTAuMTAwNyUyRnMxMSMzRUJEMEU3LnBkZgAAAAAAAAAAAAAAAAAAAAAAAAAAAAAAAAAAAAAAAAAAA+vQ59K0BOQAAAAAAAAAAAABAAMAAAkgAAAAAAAAAAAAAAAAAAAABERvY3MAEAAIAADKQOnsAAAAEQAIAADSs/bUAAAAAQAsA+t1mwPrdZoDpASOA2qoTAJXmGsCIfkvAiH5EACQwikABQIVAAUCFAAAvuwAAgCRTWFjaW50b3NoIEhEOlVzZXJzOgBKdXN0ZToARG9jdW1lbnRzOgBDb21wbGV4U3lzdGVtczoAQ2l0eU5ldHdvcms6AERvY3M6AFBhcGVyczoAUm9jaGVicnVuZToAUGFwZXI6AGJpYmxpbzoARG9jczoAYXJ0JTNBMTAuMTAwNyUyRnMxMSMzRUJEMEU3LnBkZgAADgBMACUAYQByAHQAJQAzAEEAMQAwAC4AMQAwADAANwAlADIARgBzADEAMQAxADEANgAtADAAMAA5AC0AOQAyADIAOAAtADYALgBwAGQAZgAPABoADABNAGEAYwBpAG4AdABvAHMAaAAgAEgARAASAH9Vc2Vycy9KdXN0ZS9Eb2N1bWVudHMvQ29tcGxleFN5c3RlbXMvQ2l0eU5ldHdvcmsvRG9jcy9QYXBlcnMvUm9jaGVicnVuZS9QYXBlci9iaWJsaW8vRG9jcy9hcnQlM0ExMC4xMDA3JTJGczExMTE2LTAwOS05MjI4LTYucGRmAAATAAEvAAAVAAIADP//AACABtIbHB0eWiRjbGFzc25hbWVYJGNsYXNzZXNdTlNNdXRhYmxlRGF0YaMdHyBWTlNEYXRhWE5TT2JqZWN00hscIiNcTlNEaWN0aW9uYXJ5oiIgXxAPTlNLZXllZEFyY2hpdmVy0SYnVHJvb3SAAQAIABEAGgAjAC0AMgA3AEAARgBNAFUAYABnAGoAbABuAHEAcwB1AHcAhACOALsAwADIA0oDTANRA1wDZQNzA3cDfgOHA4wDmQOcA64DsQO2AAAAAAAAAgEAAAAAAAAAKAAAAAAAAAAAAAAAAAAAA7g=}}

@article{abadie2010synthetic,
	Author = {Abadie, Alberto and Diamond, Alexis and Hainmueller, Jens},
	Date-Added = {2015-10-14 15:54:19 +0000},
	Date-Modified = {2015-10-14 15:54:19 +0000},
	Journal = {Journal of the American Statistical Association},
	Number = {490},
	Title = {Synthetic control methods for comparative case studies: Estimating the effect of California's tobacco control program},
	Volume = {105},
	Year = {2010},
	Bdsk-File-1 = {YnBsaXN0MDDUAQIDBAUGJCVYJHZlcnNpb25YJG9iamVjdHNZJGFyY2hpdmVyVCR0b3ASAAGGoKgHCBMUFRYaIVUkbnVsbNMJCgsMDxJXTlMua2V5c1pOUy5vYmplY3RzViRjbGFzc6INDoACgAOiEBGABIAFgAdccmVsYXRpdmVQYXRoWWFsaWFzRGF0YV8QJERvY3MvVGhlcmFwZXV0aWNFdmFsdWF0aW9uXzU5NDQ3LnBkZtIXCxgZV05TLmRhdGFPEQJsAAAAAAJsAAIAAAxNYWNpbnRvc2ggSEQAAAAAAAAAAAAAAAAAAADKQQYMSCsAAAPrdZsfVGhlcmFwZXV0aWNFdmFsdWF0aW9uXzU5NDQ3LnBkZgAAAAAAAAAAAAAAAAAAAAAAAAAAAAAAAAAAAAAAAAAAA+t1XNKz87IAAAAAAAAAAAABAAMAAAkgAAAAAAAAAAAAAAAAAAAABERvY3MAEAAIAADKQOnsAAAAEQAIAADSs+WiAAAAAQAsA+t1mwPrdZoDpASOA2qoTAJXmGsCIfkvAiH5EACQwikABQIVAAUCFAAAvuwAAgCRTWFjaW50b3NoIEhEOlVzZXJzOgBKdXN0ZToARG9jdW1lbnRzOgBDb21wbGV4U3lzdGVtczoAQ2l0eU5ldHdvcms6AERvY3M6AFBhcGVyczoAUm9jaGVicnVuZToAUGFwZXI6AGJpYmxpbzoARG9jczoAVGhlcmFwZXV0aWNFdmFsdWF0aW9uXzU5NDQ3LnBkZgAADgBAAB8AVABoAGUAcgBhAHAAZQB1AHQAaQBjAEUAdgBhAGwAdQBhAHQAaQBvAG4AXwA1ADkANAA0ADcALgBwAGQAZgAPABoADABNAGEAYwBpAG4AdABvAHMAaAAgAEgARAASAHlVc2Vycy9KdXN0ZS9Eb2N1bWVudHMvQ29tcGxleFN5c3RlbXMvQ2l0eU5ldHdvcmsvRG9jcy9QYXBlcnMvUm9jaGVicnVuZS9QYXBlci9iaWJsaW8vRG9jcy9UaGVyYXBldXRpY0V2YWx1YXRpb25fNTk0NDcucGRmAAATAAEvAAAVAAIADP//AACABtIbHB0eWiRjbGFzc25hbWVYJGNsYXNzZXNdTlNNdXRhYmxlRGF0YaMdHyBWTlNEYXRhWE5TT2JqZWN00hscIiNcTlNEaWN0aW9uYXJ5oiIgXxAPTlNLZXllZEFyY2hpdmVy0SYnVHJvb3SAAQAIABEAGgAjAC0AMgA3AEAARgBNAFUAYABnAGoAbABuAHEAcwB1AHcAhACOALUAugDCAzIDNAM5A0QDTQNbA18DZgNvA3QDgQOEA5YDmQOeAAAAAAAAAgEAAAAAAAAAKAAAAAAAAAAAAAAAAAAAA6A=}}

@article{tumminello2005tool,
	Author = {Tumminello, Michele and Aste, Tomaso and Di Matteo, Tiziana and Mantegna, Rosario N},
	Date-Added = {2015-10-14 14:17:17 +0000},
	Date-Modified = {2015-10-14 14:17:17 +0000},
	Journal = {Proceedings of the National Academy of Sciences of the United States of America},
	Pages = {10421--10426},
	Publisher = {National Acad Sciences},
	Title = {A tool for filtering information in complex systems},
	Volume = {102},
	Year = {2005}}

@article{2009arXiv0910.1205B,
	Adsnote = {Provided by the SAO/NASA Astrophysics Data System},
	Adsurl = {http://adsabs.harvard.edu/abs/2009arXiv0910.1205B},
	Archiveprefix = {arXiv},
	Author = {{Bouchaud}, J.~P. and {Potters}, M.},
	Date-Added = {2015-10-14 14:13:41 +0000},
	Date-Modified = {2015-10-14 14:13:41 +0000},
	Eprint = {0910.1205},
	Journal = {ArXiv e-prints},
	Keywords = {Quantitative Finance - Statistical Finance, Condensed Matter - Disordered Systems and Neural Networks, Quantitative Finance - Risk Management},
	Month = oct,
	Primaryclass = {q-fin.ST},
	Title = {{Financial Applications of Random Matrix Theory: a short review}},
	Year = 2009}

@book{mantegna2000introduction,
	Author = {Mantegna, Rosario Nunzio and Stanley, Harry Eugene and others},
	Date-Added = {2015-10-14 14:07:23 +0000},
	Date-Modified = {2015-10-14 14:07:23 +0000},
	Publisher = {Cambridge university press Cambridge},
	Reading = {FP},
	Title = {An introduction to econophysics: correlations and complexity in finance},
	Usage = {SSB},
	Volume = {9},
	Year = {2000}}

@inproceedings{pritchard2009advances,
	Author = {Pritchard, David R and Miller, Eric J},
	Booktitle = {Transportation Research Board 88th Annual Meeting},
	Date-Added = {2015-10-14 13:28:26 +0000},
	Date-Modified = {2015-10-14 13:28:26 +0000},
	Number = {09-1686},
	Title = {Advances in agent population synthesis and application in an integrated land use and transportation model},
	Year = {2009}}

@inproceedings{moeckel2003creating,
	Author = {Moeckel, Rolf and Spiekermann, Klaus and Wegener, Michael},
	Booktitle = {Proceedings of the 8th International Conference on Computers in Urban Planning and Urban Management (CUPUM)},
	Date-Added = {2015-10-14 13:28:12 +0000},
	Date-Modified = {2015-10-14 13:28:12 +0000},
	Title = {Creating a synthetic population},
	Year = {2003}}

@article{bolon2013review,
	Author = {Bol{\'o}n-Canedo, Ver{\'o}nica and S{\'a}nchez-Maro{\~n}o, Noelia and Alonso-Betanzos, Amparo},
	Date-Added = {2015-10-14 13:21:13 +0000},
	Date-Modified = {2015-10-14 13:21:13 +0000},
	Journal = {Knowledge and information systems},
	Number = {3},
	Pages = {483--519},
	Publisher = {Springer},
	Title = {A review of feature selection methods on synthetic data},
	Volume = {34},
	Year = {2013}}
