@article{duranton2012urban,
author = {Duranton, By Gilles and Turner, Matthew a and Duranton, Gilles},
journal = {The Review of Economic Studies},
keywords = {and seminar and conference,andrew haughwout,arthur o,esteban rossi-hansberg,guy michaels,instrumental variables,jan brueckner,jel classification,l91,laurent gobillon,n70,participants at the,public transport,r11,r49,sullivan,to johannes br\"{o}cker,transportation,urban growth,vernon henderson},
number = {4},
pages = {1407--1440},
publisher = {Oxford University Press},
title = {{Urban growth and transportation Urban growth and transportation ยง}},
volume = {79},
year = {2007}
}
