@article{allen1991evolutionary,
  title={Evolutionary models of human systems: urban and rural landscapes as self organizing systems},
  author={ALLEN, P},
  journal={LEPETIT B., PUMAIN D., Temporalit{\'e}s Urbaines, Anthropos, Paris},
  year={1991}
}

