%% This BibTeX bibliography file was created using BibDesk.
%% http://bibdesk.sourceforge.net/


%% Created for Juste Raimbault at 2016-12-12 12:50:39 +0800 


%% Saved with string encoding Occidental (ISO Latin 1) 



@article{chavalarias2013phylomemetic,
	Abstract = {We introduce an automated method for the bottom-up reconstruction of the cognitive evolution of science, based on big-data issued from digital libraries, and modeled as lineage relationships between scientific fields. We refer to these dynamic structures as phylomemetic networks or phylomemies, by analogy with biological evolution; and we show that they exhibit strong regularities, with clearly identifiable phylomemetic patterns. Some structural properties of the scientific fields - in particular their density -, which are defined independently of the phylomemy reconstruction, are clearly correlated with their status and their fate in the phylomemy (like their age or their short term survival). Within the framework of a quantitative epistemology, this approach raises the question of predictibility for science evolution, and sketches a prototypical life cycle of the scientific fields: an increase of their cohesion after their emergence, the renewal of their conceptual background through branching or merging events, before decaying when their density is getting too low.},
	Author = {Chavalarias, David and Cointet, Jean-Philippe},
	Date-Added = {2016-12-12 04:13:27 +0000},
	Date-Modified = {2016-12-12 04:13:27 +0000},
	Journal = {Plos One},
	Number = {2},
	Pages = {e54847},
	Publisher = {Public Library of Science},
	Title = {Phylomemetic patterns in science evolution---the rise and fall of scientific fields},
	Volume = {8},
	Year = {2013},
	Bdsk-File-1 = {YnBsaXN0MDDUAQIDBAUGJCVYJHZlcnNpb25YJG9iamVjdHNZJGFyY2hpdmVyVCR0b3ASAAGGoKgHCBMUFRYaIVUkbnVsbNMJCgsMDxJXTlMua2V5c1pOUy5vYmplY3RzViRjbGFzc6INDoACgAOiEBGABIAFgAdccmVsYXRpdmVQYXRoWWFsaWFzRGF0YV8QUS4uLy4uLy4uLy4uL0JpYmxpby9Eb2NzL1Jldmlldy9DaGF2YUNvaW50ZXRfUGh5bG9tZW1ldGljX2pvdXJuYWwucG9uZS4wMDU0ODQ3LnBkZtIXCxgZV05TLmRhdGFPEQJqAAAAAAJqAAIAAAxNYWNpbnRvc2ggSEQAAAAAAAAAAAAAAAAAAADKQVpsSCsAAAIxeB8fQ2hhdmFDb2ludGV0X1BoeWxvbSMyMzE3ODIwLnBkZgAAAAAAAAAAAAAAAAAAAAAAAAAAAAAAAAAAAAAAAAAAAjF4INEjI7wAAAAAAAAAAAAEAAQAAAkgAAAAAAAAAAAAAAAAAAAABlJldmlldwAQAAgAAMpA6ewAAAARAAgAANEiszwAAAABACACMXgfAjF32QIh+RkCIfkQAJDCKQAFAhUABQIUAAC+7AACAHhNYWNpbnRvc2ggSEQ6VXNlcnM6AEp1c3RlOgBEb2N1bWVudHM6AENvbXBsZXhTeXN0ZW1zOgBDaXR5TmV0d29yazoAQmlibGlvOgBEb2NzOgBSZXZpZXc6AENoYXZhQ29pbnRldF9QaHlsb20jMjMxNzgyMC5wZGYADgBmADIAQwBoAGEAdgBhAEMAbwBpAG4AdABlAHQAXwBQAGgAeQBsAG8AbQBlAG0AZQB0AGkAYwBfAGoAbwB1AHIAbgBhAGwALgBwAG8AbgBlAC4AMAAwADUANAA4ADQANwAuAHAAZABmAA8AGgAMAE0AYQBjAGkAbgB0AG8AcwBoACAASABEABIAdlVzZXJzL0p1c3RlL0RvY3VtZW50cy9Db21wbGV4U3lzdGVtcy9DaXR5TmV0d29yay9CaWJsaW8vRG9jcy9SZXZpZXcvQ2hhdmFDb2ludGV0X1BoeWxvbWVtZXRpY19qb3VybmFsLnBvbmUuMDA1NDg0Ny5wZGYAEwABLwAAFQACAAz//wAAgAbSGxwdHlokY2xhc3NuYW1lWCRjbGFzc2VzXU5TTXV0YWJsZURhdGGjHR8gVk5TRGF0YVhOU09iamVjdNIbHCIjXE5TRGljdGlvbmFyeaIiIF8QD05TS2V5ZWRBcmNoaXZlctEmJ1Ryb290gAEACAARABoAIwAtADIANwBAAEYATQBVAGAAZwBqAGwAbgBxAHMAdQB3AIQAjgDiAOcA7wNdA18DZANvA3gDhgOKA5EDmgOfA6wDrwPBA8QDyQAAAAAAAAIBAAAAAAAAACgAAAAAAAAAAAAAAAAAAAPL},
	Bdsk-File-2 = {YnBsaXN0MDDUAQIDBAUGJCVYJHZlcnNpb25YJG9iamVjdHNZJGFyY2hpdmVyVCR0b3ASAAGGoKgHCBMUFRYaIVUkbnVsbNMJCgsMDxJXTlMua2V5c1pOUy5vYmplY3RzViRjbGFzc6INDoACgAOiEBGABIAFgAdccmVsYXRpdmVQYXRoWWFsaWFzRGF0YV8QSS4uLy4uLy4uLy4uL0JpYmxpby9Eb2NzL1Jldmlldy9DaGF2YUNvaW50ZXRfU3VwcG9ydGluZ19JbmZvcm1hdGlvbl9TMS5wZGbSFwsYGVdOUy5kYXRhTxECUgAAAAACUgACAAAMTWFjaW50b3NoIEhEAAAAAAAAAAAAAAAAAAAAykFabEgrAAACMXgfH0NoYXZhQ29pbnRldF9TdXBwb3IjMjMxNzgyMS5wZGYAAAAAAAAAAAAAAAAAAAAAAAAAAAAAAAAAAAAAAAAAAAIxeCHRIyO8AAAAAAAAAAAABAAEAAAJIAAAAAAAAAAAAAAAAAAAAAZSZXZpZXcAEAAIAADKQOnsAAAAEQAIAADRIrM8AAAAAQAgAjF4HwIxd9kCIfkZAiH5EACQwikABQIVAAUCFAAAvuwAAgB4TWFjaW50b3NoIEhEOlVzZXJzOgBKdXN0ZToARG9jdW1lbnRzOgBDb21wbGV4U3lzdGVtczoAQ2l0eU5ldHdvcms6AEJpYmxpbzoARG9jczoAUmV2aWV3OgBDaGF2YUNvaW50ZXRfU3VwcG9yIzIzMTc4MjEucGRmAA4AVgAqAEMAaABhAHYAYQBDAG8AaQBuAHQAZQB0AF8AUwB1AHAAcABvAHIAdABpAG4AZwBfAEkAbgBmAG8AcgBtAGEAdABpAG8AbgBfAFMAMQAuAHAAZABmAA8AGgAMAE0AYQBjAGkAbgB0AG8AcwBoACAASABEABIAblVzZXJzL0p1c3RlL0RvY3VtZW50cy9Db21wbGV4U3lzdGVtcy9DaXR5TmV0d29yay9CaWJsaW8vRG9jcy9SZXZpZXcvQ2hhdmFDb2ludGV0X1N1cHBvcnRpbmdfSW5mb3JtYXRpb25fUzEucGRmABMAAS8AABUAAgAM//8AAIAG0hscHR5aJGNsYXNzbmFtZVgkY2xhc3Nlc11OU011dGFibGVEYXRhox0fIFZOU0RhdGFYTlNPYmplY3TSGxwiI1xOU0RpY3Rpb25hcnmiIiBfEA9OU0tleWVkQXJjaGl2ZXLRJidUcm9vdIABAAgAEQAaACMALQAyADcAQABGAE0AVQBgAGcAagBsAG4AcQBzAHUAdwCEAI4A2gDfAOcDPQM/A0QDTwNYA2YDagNxA3oDfwOMA48DoQOkA6kAAAAAAAACAQAAAAAAAAAoAAAAAAAAAAAAAAAAAAADqw==}}

@article{pumain2005cumulativite,
	Author = {Pumain, Denise},
	Date-Added = {2016-12-12 04:04:36 +0000},
	Date-Modified = {2016-12-12 04:04:36 +0000},
	Journal = {Revue europ{\'e}enne des sciences sociales. European Journal of Social Sciences},
	Number = {XLIII-131},
	Pages = {5--12},
	Publisher = {Librairie Droz},
	Title = {Cumulativit{\'e} des connaissances},
	Year = {2005},
	Bdsk-File-1 = {YnBsaXN0MDDUAQIDBAUGJCVYJHZlcnNpb25YJG9iamVjdHNZJGFyY2hpdmVyVCR0b3ASAAGGoKgHCBMUFRYaIVUkbnVsbNMJCgsMDxJXTlMua2V5c1pOUy5vYmplY3RzViRjbGFzc6INDoACgAOiEBGABIAFgAdccmVsYXRpdmVQYXRoWWFsaWFzRGF0YV8QVS4uLy4uLy4uLy4uL0JpYmxpby9Eb2NzL0dlbmVyYWwvcmVzcy0zNTcteGxpaWktMTMxLWN1bXVsYXRpdml0ZS1kZXMtY29ubmFpc3NhbmNlcy5wZGbSFwsYGVdOUy5kYXRhTxECeAAAAAACeAACAAAMTWFjaW50b3NoIEhEAAAAAAAAAAAAAAAAAAAAykFabEgrAAACMXfpH3Jlc3MtMzU3LXhsaWlpLTEzMS0jM0I2Njk2NC5wZGYAAAAAAAAAAAAAAAAAAAAAAAAAAAAAAAAAAAAAAAAAAAO2aWTSfTAcAAAAAAAAAAAABAAEAAAJIAAAAAAAAAAAAAAAAAAAAAdHZW5lcmFsAAAQAAgAAMpA6ewAAAARAAgAANJ8v5wAAAABACACMXfpAjF32QIh+RkCIfkQAJDCKQAFAhUABQIUAAC+7AACAHlNYWNpbnRvc2ggSEQ6VXNlcnM6AEp1c3RlOgBEb2N1bWVudHM6AENvbXBsZXhTeXN0ZW1zOgBDaXR5TmV0d29yazoAQmlibGlvOgBEb2NzOgBHZW5lcmFsOgByZXNzLTM1Ny14bGlpaS0xMzEtIzNCNjY5NjQucGRmAAAOAGwANQByAGUAcwBzAC0AMwA1ADcALQB4AGwAaQBpAGkALQAxADMAMQAtAGMAdQBtAHUAbABhAHQAaQB2AGkAdABlAC0AZABlAHMALQBjAG8AbgBuAGEAaQBzAHMAYQBuAGMAZQBzAC4AcABkAGYADwAaAAwATQBhAGMAaQBuAHQAbwBzAGgAIABIAEQAEgB6VXNlcnMvSnVzdGUvRG9jdW1lbnRzL0NvbXBsZXhTeXN0ZW1zL0NpdHlOZXR3b3JrL0JpYmxpby9Eb2NzL0dlbmVyYWwvcmVzcy0zNTcteGxpaWktMTMxLWN1bXVsYXRpdml0ZS1kZXMtY29ubmFpc3NhbmNlcy5wZGYAEwABLwAAFQACAAz//wAAgAbSGxwdHlokY2xhc3NuYW1lWCRjbGFzc2VzXU5TTXV0YWJsZURhdGGjHR8gVk5TRGF0YVhOU09iamVjdNIbHCIjXE5TRGljdGlvbmFyeaIiIF8QD05TS2V5ZWRBcmNoaXZlctEmJ1Ryb290gAEACAARABoAIwAtADIANwBAAEYATQBVAGAAZwBqAGwAbgBxAHMAdQB3AIQAjgDmAOsA8wNvA3EDdgOBA4oDmAOcA6MDrAOxA74DwQPTA9YD2wAAAAAAAAIBAAAAAAAAACgAAAAAAAAAAAAAAAAAAAPd}}

@article{2016arXiv160909339A,
	Adsnote = {Provided by the SAO/NASA Astrophysics Data System},
	Adsurl = {http://adsabs.harvard.edu/abs/2016arXiv160909339A},
	Archiveprefix = {arXiv},
	Author = {{Anderson}, K.~A and {Crespi}, M. and {Sayre}, E.~C},
	Date-Added = {2016-09-30 09:41:23 +0000},
	Date-Modified = {2016-09-30 09:41:23 +0000},
	Eprint = {1609.09339},
	Journal = {ArXiv e-prints},
	Keywords = {Computer Science - Digital Libraries, Physics - Physics Education, Physics - Physics and Society},
	Month = sep,
	Primaryclass = {cs.DL},
	Title = {{Linking Behavior in the PER Coauthorship Network}},
	Year = 2016,
	Bdsk-File-1 = {YnBsaXN0MDDUAQIDBAUGJCVYJHZlcnNpb25YJG9iamVjdHNZJGFyY2hpdmVyVCR0b3ASAAGGoKgHCBMUFRYaIVUkbnVsbNMJCgsMDxJXTlMua2V5c1pOUy5vYmplY3RzViRjbGFzc6INDoACgAOiEBGABIAFgAdccmVsYXRpdmVQYXRoWWFsaWFzRGF0YV8QHy4uL0JpYmxpby9Eb2NzLzE2MDkuMDkzMzl2MS5wZGbSFwsYGVdOUy5kYXRhTxECGgAAAAACGgACAAAMTWFjaW50b3NoIEhEAAAAAAAAAAAAAAAAAAAAykFabEgrAAAD2JdtEDE2MDkuMDkzMzl2MS5wZGYAAAAAAAAAAAAAAAAAAAAAAAAAAAAAAAAAAAAAAAAAAAAAAAAAAAAAAAAAAAAAAARnoOvUFDABAAAAAAAAAAAAAQADAAAJIAAAAAAAAAAAAAAAAAAAAAREb2NzABAACAAAykDp7AAAABEACAAA1BO/gQAAAAEAKAPYl20D2JdsA9iXagJXmGsCIfkvAiH5EACQwikABQIVAAUCFAAAvuwAAgB5TWFjaW50b3NoIEhEOlVzZXJzOgBKdXN0ZToARG9jdW1lbnRzOgBDb21wbGV4U3lzdGVtczoAQ2l0eU5ldHdvcms6AERvY3M6AFBhcGVyczoAQ3liZXJnZW86AEJpYmxpbzoARG9jczoAMTYwOS4wOTMzOXYxLnBkZgAADgAiABAAMQA2ADAAOQAuADAAOQAzADMAOQB2ADEALgBwAGQAZgAPABoADABNAGEAYwBpAG4AdABvAHMAaAAgAEgARAASAGJVc2Vycy9KdXN0ZS9Eb2N1bWVudHMvQ29tcGxleFN5c3RlbXMvQ2l0eU5ldHdvcmsvRG9jcy9QYXBlcnMvQ3liZXJnZW8vQmlibGlvL0RvY3MvMTYwOS4wOTMzOXYxLnBkZgATAAEvAAAVAAIADP//AACABtIbHB0eWiRjbGFzc25hbWVYJGNsYXNzZXNdTlNNdXRhYmxlRGF0YaMdHyBWTlNEYXRhWE5TT2JqZWN00hscIiNcTlNEaWN0aW9uYXJ5oiIgXxAPTlNLZXllZEFyY2hpdmVy0SYnVHJvb3SAAQAIABEAGgAjAC0AMgA3AEAARgBNAFUAYABnAGoAbABuAHEAcwB1AHcAhACOALAAtQC9AtsC3QLiAu0C9gMEAwgDDwMYAx0DKgMtAz8DQgNHAAAAAAAAAgEAAAAAAAAAKAAAAAAAAAAAAAAAAAAAA0k=}}

@article{li2016mathematicians,
	Author = {Li, Menghui and Yang, Liying and Wu, Chensheng and Shen, Zhesi and Wu, Jinshan},
	Date-Added = {2016-09-30 09:39:27 +0000},
	Date-Modified = {2016-09-30 09:39:27 +0000},
	Journal = {arXiv preprint arXiv:1609.00448},
	Title = {Do Mathematicians, Economists and Biomedical Scientists Trace Hot Topics More Strongly Than Physicists?},
	Year = {2016},
	Bdsk-File-1 = {YnBsaXN0MDDUAQIDBAUGJCVYJHZlcnNpb25YJG9iamVjdHNZJGFyY2hpdmVyVCR0b3ASAAGGoKgHCBMUFRYaIVUkbnVsbNMJCgsMDxJXTlMua2V5c1pOUy5vYmplY3RzViRjbGFzc6INDoACgAOiEBGABIAFgAdccmVsYXRpdmVQYXRoWWFsaWFzRGF0YV8QHy4uL0JpYmxpby9Eb2NzLzE2MDkuMDA0NDh2MS5wZGbSFwsYGVdOUy5kYXRhTxECGgAAAAACGgACAAAMTWFjaW50b3NoIEhEAAAAAAAAAAAAAAAAAAAAykFabEgrAAAD2JdtEDE2MDkuMDA0NDh2MS5wZGYAAAAAAAAAAAAAAAAAAAAAAAAAAAAAAAAAAAAAAAAAAAAAAAAAAAAAAAAAAAAAAARfRMLT9AimAAAAAAAAAAAAAQADAAAJIAAAAAAAAAAAAAAAAAAAAAREb2NzABAACAAAykDp7AAAABEACAAA0/OYJgAAAAEAKAPYl20D2JdsA9iXagJXmGsCIfkvAiH5EACQwikABQIVAAUCFAAAvuwAAgB5TWFjaW50b3NoIEhEOlVzZXJzOgBKdXN0ZToARG9jdW1lbnRzOgBDb21wbGV4U3lzdGVtczoAQ2l0eU5ldHdvcms6AERvY3M6AFBhcGVyczoAQ3liZXJnZW86AEJpYmxpbzoARG9jczoAMTYwOS4wMDQ0OHYxLnBkZgAADgAiABAAMQA2ADAAOQAuADAAMAA0ADQAOAB2ADEALgBwAGQAZgAPABoADABNAGEAYwBpAG4AdABvAHMAaAAgAEgARAASAGJVc2Vycy9KdXN0ZS9Eb2N1bWVudHMvQ29tcGxleFN5c3RlbXMvQ2l0eU5ldHdvcmsvRG9jcy9QYXBlcnMvQ3liZXJnZW8vQmlibGlvL0RvY3MvMTYwOS4wMDQ0OHYxLnBkZgATAAEvAAAVAAIADP//AACABtIbHB0eWiRjbGFzc25hbWVYJGNsYXNzZXNdTlNNdXRhYmxlRGF0YaMdHyBWTlNEYXRhWE5TT2JqZWN00hscIiNcTlNEaWN0aW9uYXJ5oiIgXxAPTlNLZXllZEFyY2hpdmVy0SYnVHJvb3SAAQAIABEAGgAjAC0AMgA3AEAARgBNAFUAYABnAGoAbABuAHEAcwB1AHcAhACOALAAtQC9AtsC3QLiAu0C9gMEAwgDDwMYAx0DKgMtAz8DQgNHAAAAAAAAAgEAAAAAAAAAKAAAAAAAAAAAAAAAAAAAA0k=}}

@article{mariani2016identification,
	Author = {Mariani, Manuel Sebastian and Medo, Matus and Zhang, Yi-Cheng},
	Date-Added = {2016-09-30 09:35:13 +0000},
	Date-Modified = {2016-09-30 09:35:13 +0000},
	Journal = {arXiv preprint arXiv:1608.08414},
	Title = {Identification of milestone papers through time-balanced network centrality},
	Year = {2016},
	Bdsk-File-1 = {YnBsaXN0MDDUAQIDBAUGJCVYJHZlcnNpb25YJG9iamVjdHNZJGFyY2hpdmVyVCR0b3ASAAGGoKgHCBMUFRYaIVUkbnVsbNMJCgsMDxJXTlMua2V5c1pOUy5vYmplY3RzViRjbGFzc6INDoACgAOiEBGABIAFgAdccmVsYXRpdmVQYXRoWWFsaWFzRGF0YV8QHy4uL0JpYmxpby9Eb2NzLzE2MDguMDg0MTR2MS5wZGbSFwsYGVdOUy5kYXRhTxECGgAAAAACGgACAAAMTWFjaW50b3NoIEhEAAAAAAAAAAAAAAAAAAAAykFabEgrAAAD2JdtEDE2MDguMDg0MTR2MS5wZGYAAAAAAAAAAAAAAAAAAAAAAAAAAAAAAAAAAAAAAAAAAAAAAAAAAAAAAAAAAAAAAAResGrT7UIEAAAAAAAAAAAAAQADAAAJIAAAAAAAAAAAAAAAAAAAAAREb2NzABAACAAAykDp7AAAABEACAAA0+zRhAAAAAEAKAPYl20D2JdsA9iXagJXmGsCIfkvAiH5EACQwikABQIVAAUCFAAAvuwAAgB5TWFjaW50b3NoIEhEOlVzZXJzOgBKdXN0ZToARG9jdW1lbnRzOgBDb21wbGV4U3lzdGVtczoAQ2l0eU5ldHdvcms6AERvY3M6AFBhcGVyczoAQ3liZXJnZW86AEJpYmxpbzoARG9jczoAMTYwOC4wODQxNHYxLnBkZgAADgAiABAAMQA2ADAAOAAuADAAOAA0ADEANAB2ADEALgBwAGQAZgAPABoADABNAGEAYwBpAG4AdABvAHMAaAAgAEgARAASAGJVc2Vycy9KdXN0ZS9Eb2N1bWVudHMvQ29tcGxleFN5c3RlbXMvQ2l0eU5ldHdvcmsvRG9jcy9QYXBlcnMvQ3liZXJnZW8vQmlibGlvL0RvY3MvMTYwOC4wODQxNHYxLnBkZgATAAEvAAAVAAIADP//AACABtIbHB0eWiRjbGFzc25hbWVYJGNsYXNzZXNdTlNNdXRhYmxlRGF0YaMdHyBWTlNEYXRhWE5TT2JqZWN00hscIiNcTlNEaWN0aW9uYXJ5oiIgXxAPTlNLZXllZEFyY2hpdmVy0SYnVHJvb3SAAQAIABEAGgAjAC0AMgA3AEAARgBNAFUAYABnAGoAbABuAHEAcwB1AHcAhACOALAAtQC9AtsC3QLiAu0C9gMEAwgDDwMYAx0DKgMtAz8DQgNHAAAAAAAAAgEAAAAAAAAAKAAAAAAAAAAAAAAAAAAAA0k=}}

@article{marx2016early,
	Author = {Marx, Werner and Haunschild, Robin and Thor, Andreas and Bornmann, Lutz},
	Date-Added = {2016-09-30 09:32:33 +0000},
	Date-Modified = {2016-09-30 09:32:33 +0000},
	Journal = {arXiv preprint arXiv:1608.07960},
	Title = {Which early works are cited most frequently in climate change research literature? A bibliometric approach based on Reference Publication Year Spectroscopy},
	Year = {2016},
	Bdsk-File-1 = {YnBsaXN0MDDUAQIDBAUGJCVYJHZlcnNpb25YJG9iamVjdHNZJGFyY2hpdmVyVCR0b3ASAAGGoKgHCBMUFRYaIVUkbnVsbNMJCgsMDxJXTlMua2V5c1pOUy5vYmplY3RzViRjbGFzc6INDoACgAOiEBGABIAFgAdccmVsYXRpdmVQYXRoWWFsaWFzRGF0YV8QHy4uL0JpYmxpby9Eb2NzLzE2MDguMDc5NjB2MS5wZGbSFwsYGVdOUy5kYXRhTxECGgAAAAACGgACAAAMTWFjaW50b3NoIEhEAAAAAAAAAAAAAAAAAAAAykFabEgrAAAD2JdtEDE2MDguMDc5NjB2MS5wZGYAAAAAAAAAAAAAAAAAAAAAAAAAAAAAAAAAAAAAAAAAAAAAAAAAAAAAAAAAAAAAAARertnT7T5xAAAAAAAAAAAAAQADAAAJIAAAAAAAAAAAAAAAAAAAAAREb2NzABAACAAAykDp7AAAABEACAAA0+zN8QAAAAEAKAPYl20D2JdsA9iXagJXmGsCIfkvAiH5EACQwikABQIVAAUCFAAAvuwAAgB5TWFjaW50b3NoIEhEOlVzZXJzOgBKdXN0ZToARG9jdW1lbnRzOgBDb21wbGV4U3lzdGVtczoAQ2l0eU5ldHdvcms6AERvY3M6AFBhcGVyczoAQ3liZXJnZW86AEJpYmxpbzoARG9jczoAMTYwOC4wNzk2MHYxLnBkZgAADgAiABAAMQA2ADAAOAAuADAANwA5ADYAMAB2ADEALgBwAGQAZgAPABoADABNAGEAYwBpAG4AdABvAHMAaAAgAEgARAASAGJVc2Vycy9KdXN0ZS9Eb2N1bWVudHMvQ29tcGxleFN5c3RlbXMvQ2l0eU5ldHdvcmsvRG9jcy9QYXBlcnMvQ3liZXJnZW8vQmlibGlvL0RvY3MvMTYwOC4wNzk2MHYxLnBkZgATAAEvAAAVAAIADP//AACABtIbHB0eWiRjbGFzc25hbWVYJGNsYXNzZXNdTlNNdXRhYmxlRGF0YaMdHyBWTlNEYXRhWE5TT2JqZWN00hscIiNcTlNEaWN0aW9uYXJ5oiIgXxAPTlNLZXllZEFyY2hpdmVy0SYnVHJvb3SAAQAIABEAGgAjAC0AMgA3AEAARgBNAFUAYABnAGoAbABuAHEAcwB1AHcAhACOALAAtQC9AtsC3QLiAu0C9gMEAwgDDwMYAx0DKgMtAz8DQgNHAAAAAAAAAgEAAAAAAAAAKAAAAAAAAAAAAAAAAAAAA0k=}}

@article{ke2016systematic,
	Author = {Ke, Qing and Ahn, Yong-Yeol and Sugimoto, Cassidy R},
	Date-Added = {2016-09-30 09:31:42 +0000},
	Date-Modified = {2016-09-30 09:31:42 +0000},
	Journal = {arXiv preprint arXiv:1608.06229},
	Title = {A Systematic Identification and Analysis of Scientists on Twitter},
	Year = {2016},
	Bdsk-File-1 = {YnBsaXN0MDDUAQIDBAUGJCVYJHZlcnNpb25YJG9iamVjdHNZJGFyY2hpdmVyVCR0b3ASAAGGoKgHCBMUFRYaIVUkbnVsbNMJCgsMDxJXTlMua2V5c1pOUy5vYmplY3RzViRjbGFzc6INDoACgAOiEBGABIAFgAdccmVsYXRpdmVQYXRoWWFsaWFzRGF0YV8QHy4uL0JpYmxpby9Eb2NzLzE2MDguMDYyMjl2MS5wZGbSFwsYGVdOUy5kYXRhTxECGgAAAAACGgACAAAMTWFjaW50b3NoIEhEAAAAAAAAAAAAAAAAAAAAykFabEgrAAAD2JdtEDE2MDguMDYyMjl2MS5wZGYAAAAAAAAAAAAAAAAAAAAAAAAAAAAAAAAAAAAAAAAAAAAAAAAAAAAAAAAAAAAAAARdXBDT4jyqAAAAAAAAAAAAAQADAAAJIAAAAAAAAAAAAAAAAAAAAAREb2NzABAACAAAykDp7AAAABEACAAA0+HMKgAAAAEAKAPYl20D2JdsA9iXagJXmGsCIfkvAiH5EACQwikABQIVAAUCFAAAvuwAAgB5TWFjaW50b3NoIEhEOlVzZXJzOgBKdXN0ZToARG9jdW1lbnRzOgBDb21wbGV4U3lzdGVtczoAQ2l0eU5ldHdvcms6AERvY3M6AFBhcGVyczoAQ3liZXJnZW86AEJpYmxpbzoARG9jczoAMTYwOC4wNjIyOXYxLnBkZgAADgAiABAAMQA2ADAAOAAuADAANgAyADIAOQB2ADEALgBwAGQAZgAPABoADABNAGEAYwBpAG4AdABvAHMAaAAgAEgARAASAGJVc2Vycy9KdXN0ZS9Eb2N1bWVudHMvQ29tcGxleFN5c3RlbXMvQ2l0eU5ldHdvcmsvRG9jcy9QYXBlcnMvQ3liZXJnZW8vQmlibGlvL0RvY3MvMTYwOC4wNjIyOXYxLnBkZgATAAEvAAAVAAIADP//AACABtIbHB0eWiRjbGFzc25hbWVYJGNsYXNzZXNdTlNNdXRhYmxlRGF0YaMdHyBWTlNEYXRhWE5TT2JqZWN00hscIiNcTlNEaWN0aW9uYXJ5oiIgXxAPTlNLZXllZEFyY2hpdmVy0SYnVHJvb3SAAQAIABEAGgAjAC0AMgA3AEAARgBNAFUAYABnAGoAbABuAHEAcwB1AHcAhACOALAAtQC9AtsC3QLiAu0C9gMEAwgDDwMYAx0DKgMtAz8DQgNHAAAAAAAAAgEAAAAAAAAAKAAAAAAAAAAAAAAAAAAAA0k=}}

@article{parinov2016end,
	Author = {Parinov, Sergey and Antonova, Victoria},
	Date-Added = {2016-09-30 09:31:05 +0000},
	Date-Modified = {2016-09-30 09:31:05 +0000},
	Journal = {arXiv preprint arXiv:1608.05505},
	Title = {End of Publication? Open access and a new scholarly communication technology},
	Year = {2016},
	Bdsk-File-1 = {YnBsaXN0MDDUAQIDBAUGJCVYJHZlcnNpb25YJG9iamVjdHNZJGFyY2hpdmVyVCR0b3ASAAGGoKgHCBMUFRYaIVUkbnVsbNMJCgsMDxJXTlMua2V5c1pOUy5vYmplY3RzViRjbGFzc6INDoACgAOiEBGABIAFgAdccmVsYXRpdmVQYXRoWWFsaWFzRGF0YV8QHy4uL0JpYmxpby9Eb2NzLzE2MDguMDU1MDV2MS5wZGbSFwsYGVdOUy5kYXRhTxECGgAAAAACGgACAAAMTWFjaW50b3NoIEhEAAAAAAAAAAAAAAAAAAAAykFabEgrAAAD2JdtEDE2MDguMDU1MDV2MS5wZGYAAAAAAAAAAAAAAAAAAAAAAAAAAAAAAAAAAAAAAAAAAAAAAAAAAAAAAAAAAAAAAARdV2/T4jB9AAAAAAAAAAAAAQADAAAJIAAAAAAAAAAAAAAAAAAAAAREb2NzABAACAAAykDp7AAAABEACAAA0+G//QAAAAEAKAPYl20D2JdsA9iXagJXmGsCIfkvAiH5EACQwikABQIVAAUCFAAAvuwAAgB5TWFjaW50b3NoIEhEOlVzZXJzOgBKdXN0ZToARG9jdW1lbnRzOgBDb21wbGV4U3lzdGVtczoAQ2l0eU5ldHdvcms6AERvY3M6AFBhcGVyczoAQ3liZXJnZW86AEJpYmxpbzoARG9jczoAMTYwOC4wNTUwNXYxLnBkZgAADgAiABAAMQA2ADAAOAAuADAANQA1ADAANQB2ADEALgBwAGQAZgAPABoADABNAGEAYwBpAG4AdABvAHMAaAAgAEgARAASAGJVc2Vycy9KdXN0ZS9Eb2N1bWVudHMvQ29tcGxleFN5c3RlbXMvQ2l0eU5ldHdvcmsvRG9jcy9QYXBlcnMvQ3liZXJnZW8vQmlibGlvL0RvY3MvMTYwOC4wNTUwNXYxLnBkZgATAAEvAAAVAAIADP//AACABtIbHB0eWiRjbGFzc25hbWVYJGNsYXNzZXNdTlNNdXRhYmxlRGF0YaMdHyBWTlNEYXRhWE5TT2JqZWN00hscIiNcTlNEaWN0aW9uYXJ5oiIgXxAPTlNLZXllZEFyY2hpdmVy0SYnVHJvb3SAAQAIABEAGgAjAC0AMgA3AEAARgBNAFUAYABnAGoAbABuAHEAcwB1AHcAhACOALAAtQC9AtsC3QLiAu0C9gMEAwgDDwMYAx0DKgMtAz8DQgNHAAAAAAAAAgEAAAAAAAAAKAAAAAAAAAAAAAAAAAAAA0k=}}

@article{sikdar2016anomalies,
	Author = {Sikdar, Sandipan and Marsili, Matteo and Ganguly, Niloy and Mukherjee, Animesh},
	Date-Added = {2016-09-30 09:30:14 +0000},
	Date-Modified = {2016-09-30 09:30:14 +0000},
	Journal = {arXiv preprint arXiv:1608.04875},
	Title = {Anomalies in the peer-review system: A case study of the journal of High Energy Physics},
	Year = {2016},
	Bdsk-File-1 = {YnBsaXN0MDDUAQIDBAUGJCVYJHZlcnNpb25YJG9iamVjdHNZJGFyY2hpdmVyVCR0b3ASAAGGoKgHCBMUFRYaIVUkbnVsbNMJCgsMDxJXTlMua2V5c1pOUy5vYmplY3RzViRjbGFzc6INDoACgAOiEBGABIAFgAdccmVsYXRpdmVQYXRoWWFsaWFzRGF0YV8QHy4uL0JpYmxpby9Eb2NzLzE2MDguMDQ4NzV2MS5wZGbSFwsYGVdOUy5kYXRhTxECGgAAAAACGgACAAAMTWFjaW50b3NoIEhEAAAAAAAAAAAAAAAAAAAAykFabEgrAAAD2JdtEDE2MDguMDQ4NzV2MS5wZGYAAAAAAAAAAAAAAAAAAAAAAAAAAAAAAAAAAAAAAAAAAAAAAAAAAAAAAAAAAAAAAARc06LT28frAAAAAAAAAAAAAQADAAAJIAAAAAAAAAAAAAAAAAAAAAREb2NzABAACAAAykDp7AAAABEACAAA09tXawAAAAEAKAPYl20D2JdsA9iXagJXmGsCIfkvAiH5EACQwikABQIVAAUCFAAAvuwAAgB5TWFjaW50b3NoIEhEOlVzZXJzOgBKdXN0ZToARG9jdW1lbnRzOgBDb21wbGV4U3lzdGVtczoAQ2l0eU5ldHdvcms6AERvY3M6AFBhcGVyczoAQ3liZXJnZW86AEJpYmxpbzoARG9jczoAMTYwOC4wNDg3NXYxLnBkZgAADgAiABAAMQA2ADAAOAAuADAANAA4ADcANQB2ADEALgBwAGQAZgAPABoADABNAGEAYwBpAG4AdABvAHMAaAAgAEgARAASAGJVc2Vycy9KdXN0ZS9Eb2N1bWVudHMvQ29tcGxleFN5c3RlbXMvQ2l0eU5ldHdvcmsvRG9jcy9QYXBlcnMvQ3liZXJnZW8vQmlibGlvL0RvY3MvMTYwOC4wNDg3NXYxLnBkZgATAAEvAAAVAAIADP//AACABtIbHB0eWiRjbGFzc25hbWVYJGNsYXNzZXNdTlNNdXRhYmxlRGF0YaMdHyBWTlNEYXRhWE5TT2JqZWN00hscIiNcTlNEaWN0aW9uYXJ5oiIgXxAPTlNLZXllZEFyY2hpdmVy0SYnVHJvb3SAAQAIABEAGgAjAC0AMgA3AEAARgBNAFUAYABnAGoAbABuAHEAcwB1AHcAhACOALAAtQC9AtsC3QLiAu0C9gMEAwgDDwMYAx0DKgMtAz8DQgNHAAAAAAAAAgEAAAAAAAAAKAAAAAAAAAAAAAAAAAAAA0k=}}

@article{heiberger2016choosing,
	Author = {Heiberger, Raphael H and Wieczorek, Oliver J},
	Date-Added = {2016-09-30 09:28:38 +0000},
	Date-Modified = {2016-09-30 09:28:38 +0000},
	Journal = {arXiv preprint arXiv:1608.03251},
	Title = {Choosing Collaboration Partners. How Scientific Success in Physics Depends on Network Positions},
	Year = {2016},
	Bdsk-File-1 = {YnBsaXN0MDDUAQIDBAUGJCVYJHZlcnNpb25YJG9iamVjdHNZJGFyY2hpdmVyVCR0b3ASAAGGoKgHCBMUFRYaIVUkbnVsbNMJCgsMDxJXTlMua2V5c1pOUy5vYmplY3RzViRjbGFzc6INDoACgAOiEBGABIAFgAdccmVsYXRpdmVQYXRoWWFsaWFzRGF0YV8QHy4uL0JpYmxpby9Eb2NzLzE2MDguMDMyNTF2MS5wZGbSFwsYGVdOUy5kYXRhTxECGgAAAAACGgACAAAMTWFjaW50b3NoIEhEAAAAAAAAAAAAAAAAAAAAykFabEgrAAAD2JdtEDE2MDguMDMyNTF2MS5wZGYAAAAAAAAAAAAAAAAAAAAAAAAAAAAAAAAAAAAAAAAAAAAAAAAAAAAAAAAAAAAAAARb85/T19l1AAAAAAAAAAAAAQADAAAJIAAAAAAAAAAAAAAAAAAAAAREb2NzABAACAAAykDp7AAAABEACAAA09do9QAAAAEAKAPYl20D2JdsA9iXagJXmGsCIfkvAiH5EACQwikABQIVAAUCFAAAvuwAAgB5TWFjaW50b3NoIEhEOlVzZXJzOgBKdXN0ZToARG9jdW1lbnRzOgBDb21wbGV4U3lzdGVtczoAQ2l0eU5ldHdvcms6AERvY3M6AFBhcGVyczoAQ3liZXJnZW86AEJpYmxpbzoARG9jczoAMTYwOC4wMzI1MXYxLnBkZgAADgAiABAAMQA2ADAAOAAuADAAMwAyADUAMQB2ADEALgBwAGQAZgAPABoADABNAGEAYwBpAG4AdABvAHMAaAAgAEgARAASAGJVc2Vycy9KdXN0ZS9Eb2N1bWVudHMvQ29tcGxleFN5c3RlbXMvQ2l0eU5ldHdvcmsvRG9jcy9QYXBlcnMvQ3liZXJnZW8vQmlibGlvL0RvY3MvMTYwOC4wMzI1MXYxLnBkZgATAAEvAAAVAAIADP//AACABtIbHB0eWiRjbGFzc25hbWVYJGNsYXNzZXNdTlNNdXRhYmxlRGF0YaMdHyBWTlNEYXRhWE5TT2JqZWN00hscIiNcTlNEaWN0aW9uYXJ5oiIgXxAPTlNLZXllZEFyY2hpdmVy0SYnVHJvb3SAAQAIABEAGgAjAC0AMgA3AEAARgBNAFUAYABnAGoAbABuAHEAcwB1AHcAhACOALAAtQC9AtsC3QLiAu0C9gMEAwgDDwMYAx0DKgMtAz8DQgNHAAAAAAAAAgEAAAAAAAAAKAAAAAAAAAAAAAAAAAAAA0k=}}

@article{golosovsky2016growing,
	Author = {Golosovsky, Michael and Solomon, Sorin},
	Date-Added = {2016-09-30 09:28:03 +0000},
	Date-Modified = {2016-09-30 09:28:03 +0000},
	Journal = {arXiv preprint arXiv:1607.08370},
	Title = {Growing complex network of citations of scientific papers--measurements and modeling},
	Year = {2016},
	Bdsk-File-1 = {YnBsaXN0MDDUAQIDBAUGJCVYJHZlcnNpb25YJG9iamVjdHNZJGFyY2hpdmVyVCR0b3ASAAGGoKgHCBMUFRYaIVUkbnVsbNMJCgsMDxJXTlMua2V5c1pOUy5vYmplY3RzViRjbGFzc6INDoACgAOiEBGABIAFgAdccmVsYXRpdmVQYXRoWWFsaWFzRGF0YV8QHy4uL0JpYmxpby9Eb2NzLzE2MDcuMDgzNzB2MS5wZGbSFwsYGVdOUy5kYXRhTxECGgAAAAACGgACAAAMTWFjaW50b3NoIEhEAAAAAAAAAAAAAAAAAAAAykFabEgrAAAD2JdtEDE2MDcuMDgzNzB2MS5wZGYAAAAAAAAAAAAAAAAAAAAAAAAAAAAAAAAAAAAAAAAAAAAAAAAAAAAAAAAAAAAAAARZwJnTxsGaAAAAAAAAAAAAAQADAAAJIAAAAAAAAAAAAAAAAAAAAAREb2NzABAACAAAykDp7AAAABEACAAA08ZRGgAAAAEAKAPYl20D2JdsA9iXagJXmGsCIfkvAiH5EACQwikABQIVAAUCFAAAvuwAAgB5TWFjaW50b3NoIEhEOlVzZXJzOgBKdXN0ZToARG9jdW1lbnRzOgBDb21wbGV4U3lzdGVtczoAQ2l0eU5ldHdvcms6AERvY3M6AFBhcGVyczoAQ3liZXJnZW86AEJpYmxpbzoARG9jczoAMTYwNy4wODM3MHYxLnBkZgAADgAiABAAMQA2ADAANwAuADAAOAAzADcAMAB2ADEALgBwAGQAZgAPABoADABNAGEAYwBpAG4AdABvAHMAaAAgAEgARAASAGJVc2Vycy9KdXN0ZS9Eb2N1bWVudHMvQ29tcGxleFN5c3RlbXMvQ2l0eU5ldHdvcmsvRG9jcy9QYXBlcnMvQ3liZXJnZW8vQmlibGlvL0RvY3MvMTYwNy4wODM3MHYxLnBkZgATAAEvAAAVAAIADP//AACABtIbHB0eWiRjbGFzc25hbWVYJGNsYXNzZXNdTlNNdXRhYmxlRGF0YaMdHyBWTlNEYXRhWE5TT2JqZWN00hscIiNcTlNEaWN0aW9uYXJ5oiIgXxAPTlNLZXllZEFyY2hpdmVy0SYnVHJvb3SAAQAIABEAGgAjAC0AMgA3AEAARgBNAFUAYABnAGoAbABuAHEAcwB1AHcAhACOALAAtQC9AtsC3QLiAu0C9gMEAwgDDwMYAx0DKgMtAz8DQgNHAAAAAAAAAgEAAAAAAAAAKAAAAAAAAAAAAAAAAAAAA0k=}}

@article{pan2016memory,
	Author = {Pan, Raj K and Petersen, Alexander M and Pammolli, Fabio and Fortunato, Santo},
	Date-Added = {2016-09-30 09:05:41 +0000},
	Date-Modified = {2016-09-30 09:05:41 +0000},
	Journal = {arXiv preprint arXiv:1607.05606},
	Title = {The Memory of Science: Inflation, Myopia, and the Knowledge Network},
	Year = {2016},
	Bdsk-File-1 = {YnBsaXN0MDDUAQIDBAUGJCVYJHZlcnNpb25YJG9iamVjdHNZJGFyY2hpdmVyVCR0b3ASAAGGoKgHCBMUFRYaIVUkbnVsbNMJCgsMDxJXTlMua2V5c1pOUy5vYmplY3RzViRjbGFzc6INDoACgAOiEBGABIAFgAdccmVsYXRpdmVQYXRoWWFsaWFzRGF0YV8QHy4uL0JpYmxpby9Eb2NzLzE2MDcuMDU2MDZ2MS5wZGbSFwsYGVdOUy5kYXRhTxECGgAAAAACGgACAAAMTWFjaW50b3NoIEhEAAAAAAAAAAAAAAAAAAAAykFabEgrAAAD2JdtEDE2MDcuMDU2MDZ2MS5wZGYAAAAAAAAAAAAAAAAAAAAAAAAAAAAAAAAAAAAAAAAAAAAAAAAAAAAAAAAAAAAAAARYf2TTvDQrAAAAAAAAAAAAAQADAAAJIAAAAAAAAAAAAAAAAAAAAAREb2NzABAACAAAykDp7AAAABEACAAA07vDqwAAAAEAKAPYl20D2JdsA9iXagJXmGsCIfkvAiH5EACQwikABQIVAAUCFAAAvuwAAgB5TWFjaW50b3NoIEhEOlVzZXJzOgBKdXN0ZToARG9jdW1lbnRzOgBDb21wbGV4U3lzdGVtczoAQ2l0eU5ldHdvcms6AERvY3M6AFBhcGVyczoAQ3liZXJnZW86AEJpYmxpbzoARG9jczoAMTYwNy4wNTYwNnYxLnBkZgAADgAiABAAMQA2ADAANwAuADAANQA2ADAANgB2ADEALgBwAGQAZgAPABoADABNAGEAYwBpAG4AdABvAHMAaAAgAEgARAASAGJVc2Vycy9KdXN0ZS9Eb2N1bWVudHMvQ29tcGxleFN5c3RlbXMvQ2l0eU5ldHdvcmsvRG9jcy9QYXBlcnMvQ3liZXJnZW8vQmlibGlvL0RvY3MvMTYwNy4wNTYwNnYxLnBkZgATAAEvAAAVAAIADP//AACABtIbHB0eWiRjbGFzc25hbWVYJGNsYXNzZXNdTlNNdXRhYmxlRGF0YaMdHyBWTlNEYXRhWE5TT2JqZWN00hscIiNcTlNEaWN0aW9uYXJ5oiIgXxAPTlNLZXllZEFyY2hpdmVy0SYnVHJvb3SAAQAIABEAGgAjAC0AMgA3AEAARgBNAFUAYABnAGoAbABuAHEAcwB1AHcAhACOALAAtQC9AtsC3QLiAu0C9gMEAwgDDwMYAx0DKgMtAz8DQgNHAAAAAAAAAgEAAAAAAAAAKAAAAAAAAAAAAAAAAAAAA0k=}}

@article{xie2016geometric,
	Author = {Xie, Zheng and Xie, Zonglin and Li, Jianping and Li, Miao and Yi, Dongyun},
	Date-Added = {2016-09-30 09:00:04 +0000},
	Date-Modified = {2016-09-30 09:00:04 +0000},
	Journal = {arXiv preprint arXiv:1607.04884},
	Title = {A geometric graph model of the coevolution between citations and coauthorships in scientific papers},
	Year = {2016},
	Bdsk-File-1 = {YnBsaXN0MDDUAQIDBAUGJCVYJHZlcnNpb25YJG9iamVjdHNZJGFyY2hpdmVyVCR0b3ASAAGGoKgHCBMUFRYaIVUkbnVsbNMJCgsMDxJXTlMua2V5c1pOUy5vYmplY3RzViRjbGFzc6INDoACgAOiEBGABIAFgAdccmVsYXRpdmVQYXRoWWFsaWFzRGF0YV8QHy4uL0JpYmxpby9Eb2NzLzE2MDcuMDQ4ODR2My5wZGbSFwsYGVdOUy5kYXRhTxECGgAAAAACGgACAAAMTWFjaW50b3NoIEhEAAAAAAAAAAAAAAAAAAAAykFabEgrAAAD2JdtEDE2MDcuMDQ4ODR2My5wZGYAAAAAAAAAAAAAAAAAAAAAAAAAAAAAAAAAAAAAAAAAAAAAAAAAAAAAAAAAAAAAAARb8/TT19rJAAAAAAAAAAAAAQADAAAJIAAAAAAAAAAAAAAAAAAAAAREb2NzABAACAAAykDp7AAAABEACAAA09dqSQAAAAEAKAPYl20D2JdsA9iXagJXmGsCIfkvAiH5EACQwikABQIVAAUCFAAAvuwAAgB5TWFjaW50b3NoIEhEOlVzZXJzOgBKdXN0ZToARG9jdW1lbnRzOgBDb21wbGV4U3lzdGVtczoAQ2l0eU5ldHdvcms6AERvY3M6AFBhcGVyczoAQ3liZXJnZW86AEJpYmxpbzoARG9jczoAMTYwNy4wNDg4NHYzLnBkZgAADgAiABAAMQA2ADAANwAuADAANAA4ADgANAB2ADMALgBwAGQAZgAPABoADABNAGEAYwBpAG4AdABvAHMAaAAgAEgARAASAGJVc2Vycy9KdXN0ZS9Eb2N1bWVudHMvQ29tcGxleFN5c3RlbXMvQ2l0eU5ldHdvcmsvRG9jcy9QYXBlcnMvQ3liZXJnZW8vQmlibGlvL0RvY3MvMTYwNy4wNDg4NHYzLnBkZgATAAEvAAAVAAIADP//AACABtIbHB0eWiRjbGFzc25hbWVYJGNsYXNzZXNdTlNNdXRhYmxlRGF0YaMdHyBWTlNEYXRhWE5TT2JqZWN00hscIiNcTlNEaWN0aW9uYXJ5oiIgXxAPTlNLZXllZEFyY2hpdmVy0SYnVHJvb3SAAQAIABEAGgAjAC0AMgA3AEAARgBNAFUAYABnAGoAbABuAHEAcwB1AHcAhACOALAAtQC9AtsC3QLiAu0C9gMEAwgDDwMYAx0DKgMtAz8DQgNHAAAAAAAAAgEAAAAAAAAAKAAAAAAAAAAAAAAAAAAAA0k=}}

@article{prosperi2016kin,
	Author = {Prosperi, Mattia and Buchan, Iain and Fanti, Iuri and Meloni, Sandro and Palladino, Pietro and Torvik, Vetle I},
	Date-Added = {2016-09-30 07:40:13 +0000},
	Date-Modified = {2016-09-30 07:40:13 +0000},
	Journal = {Proceedings of the National Academy of Sciences},
	Number = {32},
	Pages = {8957--8962},
	Publisher = {National Acad Sciences},
	Title = {Kin of coauthorship in five decades of health science literature},
	Volume = {113},
	Year = {2016},
	Bdsk-File-1 = {YnBsaXN0MDDUAQIDBAUGJCVYJHZlcnNpb25YJG9iamVjdHNZJGFyY2hpdmVyVCR0b3ASAAGGoKgHCBMUFRYaIVUkbnVsbNMJCgsMDxJXTlMua2V5c1pOUy5vYmplY3RzViRjbGFzc6INDoACgAOiEBGABIAFgAdccmVsYXRpdmVQYXRoWWFsaWFzRGF0YV8QMy4uL0JpYmxpby9Eb2NzLzEwLjAwMDBAd3d3LnBuYXMub3JnQDExM0AzMkA4OTU3LnBkZtIXCxgZV05TLmRhdGFPEQJkAAAAAAJkAAIAAAxNYWNpbnRvc2ggSEQAAAAAAAAAAAAAAAAAAADKQVpsSCsAAAPYl20fMTAuMDAwMEB3d3cucG5hcy5vciM0NUJCNTRBLnBkZgAAAAAAAAAAAAAAAAAAAAAAAAAAAAAAAAAAAAAAAAAABFu1StPRFNcAAAAAAAAAAAABAAMAAAkgAAAAAAAAAAAAAAAAAAAABERvY3MAEAAIAADKQOnsAAAAEQAIAADT0KRXAAAAAQAoA9iXbQPYl2wD2JdqAleYawIh+S8CIfkQAJDCKQAFAhUABQIUAAC+7AACAIhNYWNpbnRvc2ggSEQ6VXNlcnM6AEp1c3RlOgBEb2N1bWVudHM6AENvbXBsZXhTeXN0ZW1zOgBDaXR5TmV0d29yazoARG9jczoAUGFwZXJzOgBDeWJlcmdlbzoAQmlibGlvOgBEb2NzOgAxMC4wMDAwQHd3dy5wbmFzLm9yIzQ1QkI1NEEucGRmAA4ASgAkADEAMAAuADAAMAAwADAAQAB3AHcAdwAuAHAAbgBhAHMALgBvAHIAZwBAADEAMQAzAEAAMwAyAEAAOAA5ADUANwAuAHAAZABmAA8AGgAMAE0AYQBjAGkAbgB0AG8AcwBoACAASABEABIAdlVzZXJzL0p1c3RlL0RvY3VtZW50cy9Db21wbGV4U3lzdGVtcy9DaXR5TmV0d29yay9Eb2NzL1BhcGVycy9DeWJlcmdlby9CaWJsaW8vRG9jcy8xMC4wMDAwQHd3dy5wbmFzLm9yZ0AxMTNAMzJAODk1Ny5wZGYAEwABLwAAFQACAAz//wAAgAbSGxwdHlokY2xhc3NuYW1lWCRjbGFzc2VzXU5TTXV0YWJsZURhdGGjHR8gVk5TRGF0YVhOU09iamVjdNIbHCIjXE5TRGljdGlvbmFyeaIiIF8QD05TS2V5ZWRBcmNoaXZlctEmJ1Ryb290gAEACAARABoAIwAtADIANwBAAEYATQBVAGAAZwBqAGwAbgBxAHMAdQB3AIQAjgDEAMkA0QM5AzsDQANLA1QDYgNmA20DdgN7A4gDiwOdA6ADpQAAAAAAAAIBAAAAAAAAACgAAAAAAAAAAAAAAAAAAAOn}}

@article{thomas2016mapping,
	Author = {Thomas, John and Zaytseva, Anna},
	Date-Added = {2016-09-30 07:38:43 +0000},
	Date-Modified = {2016-09-30 07:38:43 +0000},
	Journal = {Complexity},
	Publisher = {Wiley Online Library},
	Title = {Mapping complexity/Human knowledge as a complex adaptive system},
	Year = {2016},
	Bdsk-File-1 = {YnBsaXN0MDDUAQIDBAUGJCVYJHZlcnNpb25YJG9iamVjdHNZJGFyY2hpdmVyVCR0b3ASAAGGoKgHCBMUFRYaIVUkbnVsbNMJCgsMDxJXTlMua2V5c1pOUy5vYmplY3RzViRjbGFzc6INDoACgAOiEBGABIAFgAdccmVsYXRpdmVQYXRoWWFsaWFzRGF0YV8QHS4uL0JpYmxpby9Eb2NzL3Rob21hczIwMTYucGRm0hcLGBlXTlMuZGF0YU8RAhIAAAAAAhIAAgAADE1hY2ludG9zaCBIRAAAAAAAAAAAAAAAAAAAAMpBWmxIKwAAA9iXbQ50aG9tYXMyMDE2LnBkZgAAAAAAAAAAAAAAAAAAAAAAAAAAAAAAAAAAAAAAAAAAAAAAAAAAAAAAAAAAAAAAAAAEWomF08hYgwAAAAAAAAAAAAEAAwAACSAAAAAAAAAAAAAAAAAAAAAERG9jcwAQAAgAAMpA6ewAAAARAAgAANPH6AMAAAABACgD2JdtA9iXbAPYl2oCV5hrAiH5LwIh+RAAkMIpAAUCFQAFAhQAAL7sAAIAd01hY2ludG9zaCBIRDpVc2VyczoASnVzdGU6AERvY3VtZW50czoAQ29tcGxleFN5c3RlbXM6AENpdHlOZXR3b3JrOgBEb2NzOgBQYXBlcnM6AEN5YmVyZ2VvOgBCaWJsaW86AERvY3M6AHRob21hczIwMTYucGRmAAAOAB4ADgB0AGgAbwBtAGEAcwAyADAAMQA2AC4AcABkAGYADwAaAAwATQBhAGMAaQBuAHQAbwBzAGgAIABIAEQAEgBgVXNlcnMvSnVzdGUvRG9jdW1lbnRzL0NvbXBsZXhTeXN0ZW1zL0NpdHlOZXR3b3JrL0RvY3MvUGFwZXJzL0N5YmVyZ2VvL0JpYmxpby9Eb2NzL3Rob21hczIwMTYucGRmABMAAS8AABUAAgAM//8AAIAG0hscHR5aJGNsYXNzbmFtZVgkY2xhc3Nlc11OU011dGFibGVEYXRhox0fIFZOU0RhdGFYTlNPYmplY3TSGxwiI1xOU0RpY3Rpb25hcnmiIiBfEA9OU0tleWVkQXJjaGl2ZXLRJidUcm9vdIABAAgAEQAaACMALQAyADcAQABGAE0AVQBgAGcAagBsAG4AcQBzAHUAdwCEAI4ArgCzALsC0QLTAtgC4wLsAvoC/gMFAw4DEwMgAyMDNQM4Az0AAAAAAAACAQAAAAAAAAAoAAAAAAAAAAAAAAAAAAADPw==}}

@article{milojevic2016validity,
	Author = {Milojevi{\'c}, Sta{\v{s}}a and Radicchi, Filippo and Bar-Ilan, Judit},
	Date-Added = {2016-09-30 07:37:28 +0000},
	Date-Modified = {2016-09-30 07:37:28 +0000},
	Journal = {arXiv preprint arXiv:1607.03179},
	Title = {Validity of Basing Authors' Publication Strategy on Journal Impact Factors},
	Year = {2016},
	Bdsk-File-1 = {YnBsaXN0MDDUAQIDBAUGJCVYJHZlcnNpb25YJG9iamVjdHNZJGFyY2hpdmVyVCR0b3ASAAGGoKgHCBMUFRYaIVUkbnVsbNMJCgsMDxJXTlMua2V5c1pOUy5vYmplY3RzViRjbGFzc6INDoACgAOiEBGABIAFgAdccmVsYXRpdmVQYXRoWWFsaWFzRGF0YV8QHy4uL0JpYmxpby9Eb2NzLzE2MDcuMDMxNzl2MS5wZGbSFwsYGVdOUy5kYXRhTxECGgAAAAACGgACAAAMTWFjaW50b3NoIEhEAAAAAAAAAAAAAAAAAAAAykFabEgrAAAD2JdtEDE2MDcuMDMxNzl2MS5wZGYAAAAAAAAAAAAAAAAAAAAAAAAAAAAAAAAAAAAAAAAAAAAAAAAAAAAAAAAAAAAAAARYIZ/TufxrAAAAAAAAAAAAAQADAAAJIAAAAAAAAAAAAAAAAAAAAAREb2NzABAACAAAykDp7AAAABEACAAA07mL6wAAAAEAKAPYl20D2JdsA9iXagJXmGsCIfkvAiH5EACQwikABQIVAAUCFAAAvuwAAgB5TWFjaW50b3NoIEhEOlVzZXJzOgBKdXN0ZToARG9jdW1lbnRzOgBDb21wbGV4U3lzdGVtczoAQ2l0eU5ldHdvcms6AERvY3M6AFBhcGVyczoAQ3liZXJnZW86AEJpYmxpbzoARG9jczoAMTYwNy4wMzE3OXYxLnBkZgAADgAiABAAMQA2ADAANwAuADAAMwAxADcAOQB2ADEALgBwAGQAZgAPABoADABNAGEAYwBpAG4AdABvAHMAaAAgAEgARAASAGJVc2Vycy9KdXN0ZS9Eb2N1bWVudHMvQ29tcGxleFN5c3RlbXMvQ2l0eU5ldHdvcmsvRG9jcy9QYXBlcnMvQ3liZXJnZW8vQmlibGlvL0RvY3MvMTYwNy4wMzE3OXYxLnBkZgATAAEvAAAVAAIADP//AACABtIbHB0eWiRjbGFzc25hbWVYJGNsYXNzZXNdTlNNdXRhYmxlRGF0YaMdHyBWTlNEYXRhWE5TT2JqZWN00hscIiNcTlNEaWN0aW9uYXJ5oiIgXxAPTlNLZXllZEFyY2hpdmVy0SYnVHJvb3SAAQAIABEAGgAjAC0AMgA3AEAARgBNAFUAYABnAGoAbABuAHEAcwB1AHcAhACOALAAtQC9AtsC3QLiAu0C9gMEAwgDDwMYAx0DKgMtAz8DQgNHAAAAAAAAAgEAAAAAAAAAKAAAAAAAAAAAAAAAAAAAA0k=}}

@article{medo2016model,
	Author = {Medo, Mat{\'u}{\v{s}} and Cimini, Giulio},
	Date-Added = {2016-09-30 07:35:53 +0000},
	Date-Modified = {2016-09-30 07:35:53 +0000},
	Journal = {Physical Review E},
	Number = {3},
	Pages = {032312},
	Publisher = {APS},
	Title = {Model-based evaluation of scientific impact indicators},
	Volume = {94},
	Year = {2016},
	Bdsk-File-1 = {YnBsaXN0MDDUAQIDBAUGJCVYJHZlcnNpb25YJG9iamVjdHNZJGFyY2hpdmVyVCR0b3ASAAGGoKgHCBMUFRYaIVUkbnVsbNMJCgsMDxJXTlMua2V5c1pOUy5vYmplY3RzViRjbGFzc6INDoACgAOiEBGABIAFgAdccmVsYXRpdmVQYXRoWWFsaWFzRGF0YV8QHy4uL0JpYmxpby9Eb2NzLzE2MDYuMDQzMTl2MS5wZGbSFwsYGVdOUy5kYXRhTxECGgAAAAACGgACAAAMTWFjaW50b3NoIEhEAAAAAAAAAAAAAAAAAAAAykFabEgrAAAD2JdtEDE2MDYuMDQzMTl2MS5wZGYAAAAAAAAAAAAAAAAAAAAAAAAAAAAAAAAAAAAAAAAAAAAAAAAAAAAAAAAAAAAAAARO79PThwLNAAAAAAAAAAAAAQADAAAJIAAAAAAAAAAAAAAAAAAAAAREb2NzABAACAAAykDp7AAAABEACAAA04aSTQAAAAEAKAPYl20D2JdsA9iXagJXmGsCIfkvAiH5EACQwikABQIVAAUCFAAAvuwAAgB5TWFjaW50b3NoIEhEOlVzZXJzOgBKdXN0ZToARG9jdW1lbnRzOgBDb21wbGV4U3lzdGVtczoAQ2l0eU5ldHdvcms6AERvY3M6AFBhcGVyczoAQ3liZXJnZW86AEJpYmxpbzoARG9jczoAMTYwNi4wNDMxOXYxLnBkZgAADgAiABAAMQA2ADAANgAuADAANAAzADEAOQB2ADEALgBwAGQAZgAPABoADABNAGEAYwBpAG4AdABvAHMAaAAgAEgARAASAGJVc2Vycy9KdXN0ZS9Eb2N1bWVudHMvQ29tcGxleFN5c3RlbXMvQ2l0eU5ldHdvcmsvRG9jcy9QYXBlcnMvQ3liZXJnZW8vQmlibGlvL0RvY3MvMTYwNi4wNDMxOXYxLnBkZgATAAEvAAAVAAIADP//AACABtIbHB0eWiRjbGFzc25hbWVYJGNsYXNzZXNdTlNNdXRhYmxlRGF0YaMdHyBWTlNEYXRhWE5TT2JqZWN00hscIiNcTlNEaWN0aW9uYXJ5oiIgXxAPTlNLZXllZEFyY2hpdmVy0SYnVHJvb3SAAQAIABEAGgAjAC0AMgA3AEAARgBNAFUAYABnAGoAbABuAHEAcwB1AHcAhACOALAAtQC9AtsC3QLiAu0C9gMEAwgDDwMYAx0DKgMtAz8DQgNHAAAAAAAAAgEAAAAAAAAAKAAAAAAAAAAAAAAAAAAAA0k=}}

@article{delfantibeams,
	Author = {Delfanti, Alessandro},
	Date-Added = {2016-09-30 07:35:05 +0000},
	Date-Modified = {2016-09-30 07:35:05 +0000},
	Title = {Beams of particles and papers},
	Bdsk-File-1 = {YnBsaXN0MDDUAQIDBAUGJCVYJHZlcnNpb25YJG9iamVjdHNZJGFyY2hpdmVyVCR0b3ASAAGGoKgHCBMUFRYaIVUkbnVsbNMJCgsMDxJXTlMua2V5c1pOUy5vYmplY3RzViRjbGFzc6INDoACgAOiEBGABIAFgAdccmVsYXRpdmVQYXRoWWFsaWFzRGF0YV8QHy4uL0JpYmxpby9Eb2NzLzE2MDIuMDg1Mzl2Mi5wZGbSFwsYGVdOUy5kYXRhTxECGgAAAAACGgACAAAMTWFjaW50b3NoIEhEAAAAAAAAAAAAAAAAAAAAykFabEgrAAAD2JdtEDE2MDIuMDg1Mzl2Mi5wZGYAAAAAAAAAAAAAAAAAAAAAAAAAAAAAAAAAAAAAAAAAAAAAAAAAAAAAAAAAAAAAAARUIa/TkuPlAAAAAAAAAAAAAQADAAAJIAAAAAAAAAAAAAAAAAAAAAREb2NzABAACAAAykDp7AAAABEACAAA05JzZQAAAAEAKAPYl20D2JdsA9iXagJXmGsCIfkvAiH5EACQwikABQIVAAUCFAAAvuwAAgB5TWFjaW50b3NoIEhEOlVzZXJzOgBKdXN0ZToARG9jdW1lbnRzOgBDb21wbGV4U3lzdGVtczoAQ2l0eU5ldHdvcms6AERvY3M6AFBhcGVyczoAQ3liZXJnZW86AEJpYmxpbzoARG9jczoAMTYwMi4wODUzOXYyLnBkZgAADgAiABAAMQA2ADAAMgAuADAAOAA1ADMAOQB2ADIALgBwAGQAZgAPABoADABNAGEAYwBpAG4AdABvAHMAaAAgAEgARAASAGJVc2Vycy9KdXN0ZS9Eb2N1bWVudHMvQ29tcGxleFN5c3RlbXMvQ2l0eU5ldHdvcmsvRG9jcy9QYXBlcnMvQ3liZXJnZW8vQmlibGlvL0RvY3MvMTYwMi4wODUzOXYyLnBkZgATAAEvAAAVAAIADP//AACABtIbHB0eWiRjbGFzc25hbWVYJGNsYXNzZXNdTlNNdXRhYmxlRGF0YaMdHyBWTlNEYXRhWE5TT2JqZWN00hscIiNcTlNEaWN0aW9uYXJ5oiIgXxAPTlNLZXllZEFyY2hpdmVy0SYnVHJvb3SAAQAIABEAGgAjAC0AMgA3AEAARgBNAFUAYABnAGoAbABuAHEAcwB1AHcAhACOALAAtQC9AtsC3QLiAu0C9gMEAwgDDwMYAx0DKgMtAz8DQgNHAAAAAAAAAgEAAAAAAAAAKAAAAAAAAAAAAAAAAAAAA0k=}}

@article{bromham2016interdisciplinary,
	Author = {Bromham, Lindell and Dinnage, Russell and Hua, Xia},
	Date-Added = {2016-09-30 07:33:44 +0000},
	Date-Modified = {2016-09-30 07:33:44 +0000},
	Journal = {Nature},
	Number = {7609},
	Pages = {684--687},
	Publisher = {Nature Publishing Group},
	Title = {Interdisciplinary research has consistently lower funding success},
	Volume = {534},
	Year = {2016},
	Bdsk-File-1 = {YnBsaXN0MDDUAQIDBAUGJCVYJHZlcnNpb25YJG9iamVjdHNZJGFyY2hpdmVyVCR0b3ASAAGGoKgHCBMUFRYaIVUkbnVsbNMJCgsMDxJXTlMua2V5c1pOUy5vYmplY3RzViRjbGFzc6INDoACgAOiEBGABIAFgAdccmVsYXRpdmVQYXRoWWFsaWFzRGF0YV8QJi4uL0JpYmxpby9Eb2NzLzEwLjEwMzhAbmF0dXJlMTgzMTUucGRm0hcLGBlXTlMuZGF0YU8RAjYAAAAAAjYAAgAADE1hY2ludG9zaCBIRAAAAAAAAAAAAAAAAAAAAMpBWmxIKwAAA9iXbRcxMC4xMDM4QG5hdHVyZTE4MzE1LnBkZgAAAAAAAAAAAAAAAAAAAAAAAAAAAAAAAAAAAAAAAAAAAAAAAAAAAAAEVSBw05rMmQAAAAAAAAAAAAEAAwAACSAAAAAAAAAAAAAAAAAAAAAERG9jcwAQAAgAAMpA6ewAAAARAAgAANOaXBkAAAABACgD2JdtA9iXbAPYl2oCV5hrAiH5LwIh+RAAkMIpAAUCFQAFAhQAAL7sAAIAgE1hY2ludG9zaCBIRDpVc2VyczoASnVzdGU6AERvY3VtZW50czoAQ29tcGxleFN5c3RlbXM6AENpdHlOZXR3b3JrOgBEb2NzOgBQYXBlcnM6AEN5YmVyZ2VvOgBCaWJsaW86AERvY3M6ADEwLjEwMzhAbmF0dXJlMTgzMTUucGRmAA4AMAAXADEAMAAuADEAMAAzADgAQABuAGEAdAB1AHIAZQAxADgAMwAxADUALgBwAGQAZgAPABoADABNAGEAYwBpAG4AdABvAHMAaAAgAEgARAASAGlVc2Vycy9KdXN0ZS9Eb2N1bWVudHMvQ29tcGxleFN5c3RlbXMvQ2l0eU5ldHdvcmsvRG9jcy9QYXBlcnMvQ3liZXJnZW8vQmlibGlvL0RvY3MvMTAuMTAzOEBuYXR1cmUxODMxNS5wZGYAABMAAS8AABUAAgAM//8AAIAG0hscHR5aJGNsYXNzbmFtZVgkY2xhc3Nlc11OU011dGFibGVEYXRhox0fIFZOU0RhdGFYTlNPYmplY3TSGxwiI1xOU0RpY3Rpb25hcnmiIiBfEA9OU0tleWVkQXJjaGl2ZXLRJidUcm9vdIABAAgAEQAaACMALQAyADcAQABGAE0AVQBgAGcAagBsAG4AcQBzAHUAdwCEAI4AtwC8AMQC/gMAAwUDEAMZAycDKwMyAzsDQANNA1ADYgNlA2oAAAAAAAACAQAAAAAAAAAoAAAAAAAAAAAAAAAAAAADbA==}}

@article{kozlowski2015innovation,
	Author = {Koz{\l}owski, Jan},
	Date-Added = {2016-09-30 07:24:06 +0000},
	Date-Modified = {2016-09-30 07:24:06 +0000},
	Journal = {Scientometrics},
	Number = {3},
	Pages = {609--628},
	Publisher = {Springer},
	Title = {Innovation indices: the need for positioning them where they properly belong},
	Volume = {104},
	Year = {2015},
	Bdsk-File-1 = {YnBsaXN0MDDUAQIDBAUGJCVYJHZlcnNpb25YJG9iamVjdHNZJGFyY2hpdmVyVCR0b3ASAAGGoKgHCBMUFRYaIVUkbnVsbNMJCgsMDxJXTlMua2V5c1pOUy5vYmplY3RzViRjbGFzc6INDoACgAOiEBGABIAFgAdccmVsYXRpdmVQYXRoWWFsaWFzRGF0YV8QNC4uL0JpYmxpby9Eb2NzL2FydCUzQTEwLjEwMDclMkZzMTExOTItMDE1LTE2MzItNC5wZGbSFwsYGVdOUy5kYXRhTxECaAAAAAACaAACAAAMTWFjaW50b3NoIEhEAAAAAAAAAAAAAAAAAAAAykFabEgrAAAD2JdtH2FydCUzQTEwLjEwMDclMkZzMTEjM0Q4OUQ5Mi5wZGYAAAAAAAAAAAAAAAAAAAAAAAAAAAAAAAAAAAAAAAAAAAPYnZLSoIyMAAAAAAAAAAAAAQADAAAJIAAAAAAAAAAAAAAAAAAAAAREb2NzABAACAAAykDp7AAAABEACAAA0qAcDAAAAAEAKAPYl20D2JdsA9iXagJXmGsCIfkvAiH5EACQwikABQIVAAUCFAAAvuwAAgCITWFjaW50b3NoIEhEOlVzZXJzOgBKdXN0ZToARG9jdW1lbnRzOgBDb21wbGV4U3lzdGVtczoAQ2l0eU5ldHdvcms6AERvY3M6AFBhcGVyczoAQ3liZXJnZW86AEJpYmxpbzoARG9jczoAYXJ0JTNBMTAuMTAwNyUyRnMxMSMzRDg5RDkyLnBkZgAOAEwAJQBhAHIAdAAlADMAQQAxADAALgAxADAAMAA3ACUAMgBGAHMAMQAxADEAOQAyAC0AMAAxADUALQAxADYAMwAyAC0ANAAuAHAAZABmAA8AGgAMAE0AYQBjAGkAbgB0AG8AcwBoACAASABEABIAd1VzZXJzL0p1c3RlL0RvY3VtZW50cy9Db21wbGV4U3lzdGVtcy9DaXR5TmV0d29yay9Eb2NzL1BhcGVycy9DeWJlcmdlby9CaWJsaW8vRG9jcy9hcnQlM0ExMC4xMDA3JTJGczExMTkyLTAxNS0xNjMyLTQucGRmAAATAAEvAAAVAAIADP//AACABtIbHB0eWiRjbGFzc25hbWVYJGNsYXNzZXNdTlNNdXRhYmxlRGF0YaMdHyBWTlNEYXRhWE5TT2JqZWN00hscIiNcTlNEaWN0aW9uYXJ5oiIgXxAPTlNLZXllZEFyY2hpdmVy0SYnVHJvb3SAAQAIABEAGgAjAC0AMgA3AEAARgBNAFUAYABnAGoAbABuAHEAcwB1AHcAhACOAMUAygDSAz4DQANFA1ADWQNnA2sDcgN7A4ADjQOQA6IDpQOqAAAAAAAAAgEAAAAAAAAAKAAAAAAAAAAAAAAAAAAAA6w=}}

@article{kovanis2016complex,
	Author = {Kovanis, Michail and Porcher, Rapha{\"e}l and Ravaud, Philippe and Trinquart, Ludovic},
	Date-Added = {2016-09-30 07:22:46 +0000},
	Date-Modified = {2016-09-30 07:22:46 +0000},
	Journal = {Scientometrics},
	Number = {2},
	Pages = {695--715},
	Publisher = {Springer},
	Title = {Complex systems approach to scientific publication and peer-review system: development of an agent-based model calibrated with empirical journal data},
	Volume = {106},
	Year = {2016},
	Bdsk-File-1 = {YnBsaXN0MDDUAQIDBAUGJCVYJHZlcnNpb25YJG9iamVjdHNZJGFyY2hpdmVyVCR0b3ASAAGGoKgHCBMUFRYaIVUkbnVsbNMJCgsMDxJXTlMua2V5c1pOUy5vYmplY3RzViRjbGFzc6INDoACgAOiEBGABIAFgAdccmVsYXRpdmVQYXRoWWFsaWFzRGF0YV8QQi4uL0JpYmxpby9Eb2NzL0FCTVBlZXJSZXZpZXdfYXJ0JTNBMTAuMTAwNyUyRnMxMTE5Mi0wMTUtMTgwMC02LnBkZtIXCxgZV05TLmRhdGFPEQKSAAAAAAKSAAIAAAxNYWNpbnRvc2ggSEQAAAAAAAAAAAAAAAAAAADKQVpsSCsAAAPYl20fQUJNUGVlclJldmlld19hcnQlMyMzRDg5NzY0LnBkZgAAAAAAAAAAAAAAAAAAAAAAAAAAAAAAAAAAAAAAAAAAA9iXZNKgiuIAAAAAAAAAAAABAAMAAAkgAAAAAAAAAAAAAAAAAAAABERvY3MAEAAIAADKQOnsAAAAEQAIAADSoBpiAAAAAQAoA9iXbQPYl2wD2JdqAleYawIh+S8CIfkQAJDCKQAFAhUABQIUAAC+7AACAIhNYWNpbnRvc2ggSEQ6VXNlcnM6AEp1c3RlOgBEb2N1bWVudHM6AENvbXBsZXhTeXN0ZW1zOgBDaXR5TmV0d29yazoARG9jczoAUGFwZXJzOgBDeWJlcmdlbzoAQmlibGlvOgBEb2NzOgBBQk1QZWVyUmV2aWV3X2FydCUzIzNEODk3NjQucGRmAA4AaAAzAEEAQgBNAFAAZQBlAHIAUgBlAHYAaQBlAHcAXwBhAHIAdAAlADMAQQAxADAALgAxADAAMAA3ACUAMgBGAHMAMQAxADEAOQAyAC0AMAAxADUALQAxADgAMAAwAC0ANgAuAHAAZABmAA8AGgAMAE0AYQBjAGkAbgB0AG8AcwBoACAASABEABIAhVVzZXJzL0p1c3RlL0RvY3VtZW50cy9Db21wbGV4U3lzdGVtcy9DaXR5TmV0d29yay9Eb2NzL1BhcGVycy9DeWJlcmdlby9CaWJsaW8vRG9jcy9BQk1QZWVyUmV2aWV3X2FydCUzQTEwLjEwMDclMkZzMTExOTItMDE1LTE4MDAtNi5wZGYAABMAAS8AABUAAgAM//8AAIAG0hscHR5aJGNsYXNzbmFtZVgkY2xhc3Nlc11OU011dGFibGVEYXRhox0fIFZOU0RhdGFYTlNPYmplY3TSGxwiI1xOU0RpY3Rpb25hcnmiIiBfEA9OU0tleWVkQXJjaGl2ZXLRJidUcm9vdIABAAgAEQAaACMALQAyADcAQABGAE0AVQBgAGcAagBsAG4AcQBzAHUAdwCEAI4A0wDYAOADdgN4A30DiAORA58DowOqA7MDuAPFA8gD2gPdA+IAAAAAAAACAQAAAAAAAAAoAAAAAAAAAAAAAAAAAAAD5A==}}

@article{ciotti2015homophily,
	Author = {Ciotti, Valerio and Bonaventura, Moreno and Nicosia, Vincenzo and Panzarasa, Pietro and Latora, Vito},
	Date-Added = {2016-09-30 07:17:52 +0000},
	Date-Modified = {2016-09-30 07:17:52 +0000},
	Journal = {arXiv preprint arXiv:1511.07643},
	Title = {Homophily and missing links in citation networks},
	Year = {2015},
	Bdsk-File-1 = {YnBsaXN0MDDUAQIDBAUGJCVYJHZlcnNpb25YJG9iamVjdHNZJGFyY2hpdmVyVCR0b3ASAAGGoKgHCBMUFRYaIVUkbnVsbNMJCgsMDxJXTlMua2V5c1pOUy5vYmplY3RzViRjbGFzc6INDoACgAOiEBGABIAFgAdccmVsYXRpdmVQYXRoWWFsaWFzRGF0YV8QWS4uL0JpYmxpby9Eb2NzL01pc3NpbmdMaW5rc0NpdGF0aW9uTmV0d29ya3NfYXJ0JTNBMTAuMTE0MCUyRmVwamRzJTJGczEzNjg4LTAxNi0wMDY4LTIucGRm0hcLGBlXTlMuZGF0YU8RAtYAAAAAAtYAAgAADE1hY2ludG9zaCBIRAAAAAAAAAAAAAAAAAAAAMpBWmxIKwAAA9iXbR9NaXNzaW5nTGlua3NDaXRhdGlvIzQyM0JBRjMucGRmAAAAAAAAAAAAAAAAAAAAAAAAAAAAAAAAAAAAAAAAAAAEI7rz0wNhVAAAAAAAAAAAAAEAAwAACSAAAAAAAAAAAAAAAAAAAAAERG9jcwAQAAgAAMpA6ewAAAARAAgAANMC8NQAAAABACgD2JdtA9iXbAPYl2oCV5hrAiH5LwIh+RAAkMIpAAUCFQAFAhQAAL7sAAIAiE1hY2ludG9zaCBIRDpVc2VyczoASnVzdGU6AERvY3VtZW50czoAQ29tcGxleFN5c3RlbXM6AENpdHlOZXR3b3JrOgBEb2NzOgBQYXBlcnM6AEN5YmVyZ2VvOgBCaWJsaW86AERvY3M6AE1pc3NpbmdMaW5rc0NpdGF0aW8jNDIzQkFGMy5wZGYADgCWAEoATQBpAHMAcwBpAG4AZwBMAGkAbgBrAHMAQwBpAHQAYQB0AGkAbwBuAE4AZQB0AHcAbwByAGsAcwBfAGEAcgB0ACUAMwBBADEAMAAuADEAMQA0ADAAJQAyAEYAZQBwAGoAZABzACUAMgBGAHMAMQAzADYAOAA4AC0AMAAxADYALQAwADAANgA4AC0AMgAuAHAAZABmAA8AGgAMAE0AYQBjAGkAbgB0AG8AcwBoACAASABEABIAnFVzZXJzL0p1c3RlL0RvY3VtZW50cy9Db21wbGV4U3lzdGVtcy9DaXR5TmV0d29yay9Eb2NzL1BhcGVycy9DeWJlcmdlby9CaWJsaW8vRG9jcy9NaXNzaW5nTGlua3NDaXRhdGlvbk5ldHdvcmtzX2FydCUzQTEwLjExNDAlMkZlcGpkcyUyRnMxMzY4OC0wMTYtMDA2OC0yLnBkZgATAAEvAAAVAAIADP//AACABtIbHB0eWiRjbGFzc25hbWVYJGNsYXNzZXNdTlNNdXRhYmxlRGF0YaMdHyBWTlNEYXRhWE5TT2JqZWN00hscIiNcTlNEaWN0aW9uYXJ5oiIgXxAPTlNLZXllZEFyY2hpdmVy0SYnVHJvb3SAAQAIABEAGgAjAC0AMgA3AEAARgBNAFUAYABnAGoAbABuAHEAcwB1AHcAhACOAOoA7wD3A9ED0wPYA+MD7AP6A/4EBQQOBBMEIAQjBDUEOAQ9AAAAAAAAAgEAAAAAAAAAKAAAAAAAAAAAAAAAAAAABD8=}}

@article{2009arXiv0907.2221B,
	Abstract = {TEST},
	Adsnote = {Provided by the SAO/NASA Astrophysics Data System},
	Adsurl = {http://adsabs.harvard.edu/abs/2009arXiv0907.2221B},
	Archiveprefix = {arXiv},
	Author = {{Bourgine}, P. and {Chavalarias}, D. and al.},
	Date-Added = {2016-09-29 07:50:40 +0000},
	Date-Modified = {2016-09-29 07:50:40 +0000},
	Eprint = {0907.2221},
	Isipubdate = {and {Perrier}, E. and {Amblard}, F. and {Arlabosse}, F. and {Auger}, P. and {Baillon}, J.-B. and {Barreteau}, O. and {Baudot}, P. and {Bouchaud}, E. and {Ben Amor}, S. and {Berry}, H. and {Bertelle}, C. and {Berthod}, M. and {Beslon}, G. and {Biroli}, G. and {Bonamy}, D. and {Bourcier}, D. and {Brodu}, N. and {Bui}, M. and {Burnod}, Y. and {Chapron}, B. and {Christophe}, C. and {Clement}, B. and {Coatrieux}, J.-L. and {Cointet}, J.-P. and {Dagrain}, V. and {Dauchot}, K. and {Dauchot}, O. and {Daviaud}, F. and {De Monte}, S. and {Deffuant}, G. and {Degond}, P. and {Delahaye}, J.-P. and {Doursat}, R. and {D'Ovidio}, F. and {Dubois}, M. and {Dubruelle}, B. and {Dutreix}, M. and {Faivre}, R. and {Farge}, E. and {Flandrin}, P. and {Franceschelli}, S. and {Gaucherel}, C. and {Gaudin}, J.-P. and {Ghil}, M. and {Giavitto}, J.-L. and {Ginelli}, F. and {Ginot}, V. and {Houllier}, F. and {Hubert}, B. and {Jensen}, P. and {Jullien}, L. and {Kapoula}, Z. and {Krob}, D. and {Ladieu}, F. and {Lang}, G. and {Lavelle}, C. and {Le Bivic}, A. and {Leca}, J.-P. and {Lecerf}, C. and {Legrain}, P. and {L'hote}, D. and {Loireau}, M. and {Mangin}, J.-F. and {Monga}, O. and {Morvan}, M. and {Muller}, J.-P. and {Negrutiu}, I. and {Peyreiras}, N. and {Pumain}, D. and {Radulescu}, O. and {Sallantin}, J. and {Sanchis}, E. and {Schertzer}, D. and {Schoenauer}, M. and {Sebag}, M. and {Simonet}, E. and {Six}, A. and {Tarissan}, F. and {Vincent}, P.},
	Journal = {ArXiv e-prints},
	Keywords = {Nonlinear Sciences - Adaptation and Self-Organizing Systems},
	Month = jul,
	Primaryclass = {nlin.AO},
	Title = {{French Roadmap for complex Systems 2008-2009}},
	Year = 2009,
	Bdsk-File-1 = {YnBsaXN0MDDUAQIDBAUGJCVYJHZlcnNpb25YJG9iamVjdHNZJGFyY2hpdmVyVCR0b3ASAAGGoKgHCBMUFRYaIVUkbnVsbNMJCgsMDxJXTlMua2V5c1pOUy5vYmplY3RzViRjbGFzc6INDoACgAOiEBGABIAFgAdccmVsYXRpdmVQYXRoWWFsaWFzRGF0YV8QSS4uLy4uLy4uLy4uL0JpYmxpby9Eb2NzL0NvbXBsZXhTeXN0ZW1zL1JvYWRtYXBDUzIwMDhfMjAwOV8wOTA3LjIyMjF2MS5wZGbSFwsYGVdOUy5kYXRhTxECUgAAAAACUgACAAAMTWFjaW50b3NoIEhEAAAAAAAAAAAAAAAAAAAAykFabEgrAAACMXfjH1JvYWRtYXBDUzIwMDhfMjAwOV8jMjMxNzdFNS5wZGYAAAAAAAAAAAAAAAAAAAAAAAAAAAAAAAAAAAAAAAAAAAIxd+XRIyO8AAAAAAAAAAAABAAEAAAJIAAAAAAAAAAAAAAAAAAAAA5Db21wbGV4U3lzdGVtcwAQAAgAAMpA6ewAAAARAAgAANEiszwAAAABACACMXfjAjF32QIh+RkCIfkQAJDCKQAFAhUABQIUAAC+7AACAIBNYWNpbnRvc2ggSEQ6VXNlcnM6AEp1c3RlOgBEb2N1bWVudHM6AENvbXBsZXhTeXN0ZW1zOgBDaXR5TmV0d29yazoAQmlibGlvOgBEb2NzOgBDb21wbGV4U3lzdGVtczoAUm9hZG1hcENTMjAwOF8yMDA5XyMyMzE3N0U1LnBkZgAOAEYAIgBSAG8AYQBkAG0AYQBwAEMAUwAyADAAMAA4AF8AMgAwADAAOQBfADAAOQAwADcALgAyADIAMgAxAHYAMQAuAHAAZABmAA8AGgAMAE0AYQBjAGkAbgB0AG8AcwBoACAASABEABIAblVzZXJzL0p1c3RlL0RvY3VtZW50cy9Db21wbGV4U3lzdGVtcy9DaXR5TmV0d29yay9CaWJsaW8vRG9jcy9Db21wbGV4U3lzdGVtcy9Sb2FkbWFwQ1MyMDA4XzIwMDlfMDkwNy4yMjIxdjEucGRmABMAAS8AABUAAgAM//8AAIAG0hscHR5aJGNsYXNzbmFtZVgkY2xhc3Nlc11OU011dGFibGVEYXRhox0fIFZOU0RhdGFYTlNPYmplY3TSGxwiI1xOU0RpY3Rpb25hcnmiIiBfEA9OU0tleWVkQXJjaGl2ZXLRJidUcm9vdIABAAgAEQAaACMALQAyADcAQABGAE0AVQBgAGcAagBsAG4AcQBzAHUAdwCEAI4A2gDfAOcDPQM/A0QDTwNYA2YDagNxA3oDfwOMA48DoQOkA6kAAAAAAAACAQAAAAAAAAAoAAAAAAAAAAAAAAAAAAADqw==}}

@article{dupuy2015sciences,
	Author = {Dupuy, Gabriel and Benguigui, Lucien Gilles},
	Date-Added = {2016-09-29 07:08:17 +0000},
	Date-Modified = {2016-09-29 07:08:17 +0000},
	Journal = {M{\'e}tropoles},
	Number = {16},
	Publisher = {Philippe Genestier},
	Title = {Sciences urbaines: interdisciplinarit{\'e}s passive, na{\"\i}ve, transitive, offensive},
	Year = {2015}}

@inproceedings{bird2006nltk,
	Author = {Bird, Steven},
	Booktitle = {Proceedings of the COLING/ACL on Interactive presentation sessions},
	Date-Added = {2016-07-25 01:39:56 +0000},
	Date-Modified = {2016-07-25 01:39:56 +0000},
	Organization = {Association for Computational Linguistics},
	Pages = {69--72},
	Title = {NLTK: the natural language toolkit},
	Year = {2006}}

@article{2015arXiv151003797G,
	Adsnote = {Provided by the SAO/NASA Astrophysics Data System},
	Adsurl = {http://adsabs.harvard.edu/abs/2015arXiv151003797G},
	Archiveprefix = {arXiv},
	Author = {{Gurciullo}, S. and {Smallegan}, M. and {Pereda}, M. and {Battiston}, F. and {Patania}, A. and {Poledna}, S. and {Hedblom}, D. and {Tolga Oztan}, B. and {Herzog}, A. and {John}, P. and {Mikhaylov}, S.},
	Date-Added = {2016-07-25 01:37:42 +0000},
	Date-Modified = {2016-07-25 01:37:42 +0000},
	Eprint = {1510.03797},
	Journal = {ArXiv e-prints},
	Keywords = {Physics - Physics and Society, Computer Science - Computation and Language, Computer Science - Social and Information Networks, 91F10},
	Month = oct,
	Primaryclass = {physics.soc-ph},
	Title = {{Complex Politics: A Quantitative Semantic and Topological Analysis of UK House of Commons Debates}},
	Year = 2015,
	Bdsk-File-1 = {YnBsaXN0MDDUAQIDBAUGJCVYJHZlcnNpb25YJG9iamVjdHNZJGFyY2hpdmVyVCR0b3ASAAGGoKgHCBMUFRYaIVUkbnVsbNMJCgsMDxJXTlMua2V5c1pOUy5vYmplY3RzViRjbGFzc6INDoACgAOiEBGABIAFgAdccmVsYXRpdmVQYXRoWWFsaWFzRGF0YV8QVC4uLy4uLy4uLy4uLy4uL1BhdGVudHNNaW5pbmcvQmlibGlvL0RvY3MvUG9saXRpY2FsRGlzY291cnNlQW5hbHlzaXNfMTUxMC4wMzc5N3YxLnBkZtIXCxgZV05TLmRhdGFPEQJEAAAAAAJEAAIAAAxNYWNpbnRvc2ggSEQAAAAAAAAAAAAAAAAAAADKQVpsSCsAAAMuUdIfUG9saXRpY2FsRGlzY291cnNlQSMzNkEzQkFFLnBkZgAAAAAAAAAAAAAAAAAAAAAAAAAAAAAAAAAAAAAAAAAAA2o7rtJEHnoAAAAAAAAAAAAFAAQAAAkgAAAAAAAAAAAAAAAAAAAABERvY3MAEAAIAADKQOnsAAAAEQAIAADSQ636AAAAAQAcAy5R0gMuTa8DLk2tAJDCKQAFAhUABQIUAAC+7AACAHJNYWNpbnRvc2ggSEQ6VXNlcnM6AEp1c3RlOgBEb2N1bWVudHM6AENvbXBsZXhTeXN0ZW1zOgBQYXRlbnRzTWluaW5nOgBCaWJsaW86AERvY3M6AFBvbGl0aWNhbERpc2NvdXJzZUEjMzZBM0JBRS5wZGYADgBYACsAUABvAGwAaQB0AGkAYwBhAGwARABpAHMAYwBvAHUAcgBzAGUAQQBuAGEAbAB5AHMAaQBzAF8AMQA1ADEAMAAuADAAMwA3ADkANwB2ADEALgBwAGQAZgAPABoADABNAGEAYwBpAG4AdABvAHMAaAAgAEgARAASAGpVc2Vycy9KdXN0ZS9Eb2N1bWVudHMvQ29tcGxleFN5c3RlbXMvUGF0ZW50c01pbmluZy9CaWJsaW8vRG9jcy9Qb2xpdGljYWxEaXNjb3Vyc2VBbmFseXNpc18xNTEwLjAzNzk3djEucGRmABMAAS8AABUAAgAM//8AAIAG0hscHR5aJGNsYXNzbmFtZVgkY2xhc3Nlc11OU011dGFibGVEYXRhox0fIFZOU0RhdGFYTlNPYmplY3TSGxwiI1xOU0RpY3Rpb25hcnmiIiBfEA9OU0tleWVkQXJjaGl2ZXLRJidUcm9vdIABAAgAEQAaACMALQAyADcAQABGAE0AVQBgAGcAagBsAG4AcQBzAHUAdwCEAI4A5QDqAPIDOgM8A0EDTANVA2MDZwNuA3cDfAOJA4wDngOhA6YAAAAAAAACAQAAAAAAAAAoAAAAAAAAAAAAAAAAAAADqA==}}

@article{2016arXiv160208451P,
	Adsnote = {Provided by the SAO/NASA Astrophysics Data System},
	Adsurl = {http://adsabs.harvard.edu/abs/2016arXiv160208451P},
	Archiveprefix = {arXiv},
	Author = {{Palchykov}, V. and {Gemmetto}, V. and {Boyarsky}, A. and {Garlaschelli}, D.},
	Date-Added = {2016-07-25 01:37:10 +0000},
	Date-Modified = {2016-07-25 01:37:10 +0000},
	Eprint = {1602.08451},
	Journal = {ArXiv e-prints},
	Keywords = {Computer Science - Digital Libraries, Physics - Physics and Society},
	Month = feb,
	Primaryclass = {cs.DL},
	Title = {{Ground truth? Concept-based communities versus the external classification of physics manuscripts}},
	Year = 2016,
	Bdsk-File-1 = {YnBsaXN0MDDUAQIDBAUGJCVYJHZlcnNpb25YJG9iamVjdHNZJGFyY2hpdmVyVCR0b3ASAAGGoKgHCBMUFRYaIVUkbnVsbNMJCgsMDxJXTlMua2V5c1pOUy5vYmplY3RzViRjbGFzc6INDoACgAOiEBGABIAFgAdccmVsYXRpdmVQYXRoWWFsaWFzRGF0YV8QUS4uLy4uLy4uLy4uLy4uL1BhdGVudHNNaW5pbmcvQmlibGlvL0RvY3MvQ29uY2VwdEJhc2VkQ29tbXVuaXRpZXNfMTYwMi4wODQ1MXYxLnBkZtIXCxgZV05TLmRhdGFPEQI8AAAAAAI8AAIAAAxNYWNpbnRvc2ggSEQAAAAAAAAAAAAAAAAAAADKQVpsSCsAAAMuUdIfQ29uY2VwdEJhc2VkQ29tbXVuaSM0NjY5QTNELnBkZgAAAAAAAAAAAAAAAAAAAAAAAAAAAAAAAAAAAAAAAAAABGaaPdQQXboAAAAAAAAAAAAFAAQAAAkgAAAAAAAAAAAAAAAAAAAABERvY3MAEAAIAADKQOnsAAAAEQAIAADUD+06AAAAAQAcAy5R0gMuTa8DLk2tAJDCKQAFAhUABQIUAAC+7AACAHJNYWNpbnRvc2ggSEQ6VXNlcnM6AEp1c3RlOgBEb2N1bWVudHM6AENvbXBsZXhTeXN0ZW1zOgBQYXRlbnRzTWluaW5nOgBCaWJsaW86AERvY3M6AENvbmNlcHRCYXNlZENvbW11bmkjNDY2OUEzRC5wZGYADgBSACgAQwBvAG4AYwBlAHAAdABCAGEAcwBlAGQAQwBvAG0AbQB1AG4AaQB0AGkAZQBzAF8AMQA2ADAAMgAuADAAOAA0ADUAMQB2ADEALgBwAGQAZgAPABoADABNAGEAYwBpAG4AdABvAHMAaAAgAEgARAASAGdVc2Vycy9KdXN0ZS9Eb2N1bWVudHMvQ29tcGxleFN5c3RlbXMvUGF0ZW50c01pbmluZy9CaWJsaW8vRG9jcy9Db25jZXB0QmFzZWRDb21tdW5pdGllc18xNjAyLjA4NDUxdjEucGRmAAATAAEvAAAVAAIADP//AACABtIbHB0eWiRjbGFzc25hbWVYJGNsYXNzZXNdTlNNdXRhYmxlRGF0YaMdHyBWTlNEYXRhWE5TT2JqZWN00hscIiNcTlNEaWN0aW9uYXJ5oiIgXxAPTlNLZXllZEFyY2hpdmVy0SYnVHJvb3SAAQAIABEAGgAjAC0AMgA3AEAARgBNAFUAYABnAGoAbABuAHEAcwB1AHcAhACOAOIA5wDvAy8DMQM2A0EDSgNYA1wDYwNsA3EDfgOBA5MDlgObAAAAAAAAAgEAAAAAAAAAKAAAAAAAAAAAAAAAAAAAA50=},
	Bdsk-File-2 = {YnBsaXN0MDDUAQIDBAUGJCVYJHZlcnNpb25YJG9iamVjdHNZJGFyY2hpdmVyVCR0b3ASAAGGoKgHCBMUFRYaIVUkbnVsbNMJCgsMDxJXTlMua2V5c1pOUy5vYmplY3RzViRjbGFzc6INDoACgAOiEBGABIAFgAdccmVsYXRpdmVQYXRoWWFsaWFzRGF0YV8QPC4uL0JpYmxpby9Eb2NzL2FydCUzQTEwLjExNDAlMkZlcGpkcyUyRnMxMzY4OC0wMTYtMDA5MC00LnBkZtIXCxgZV05TLmRhdGFPEQKAAAAAAAKAAAIAAAxNYWNpbnRvc2ggSEQAAAAAAAAAAAAAAAAAAADKQVpsSCsAAAPYl20fYXJ0JTNBMTAuMTE0MCUyRmVwaiM0NUQ1NzM0LnBkZgAAAAAAAAAAAAAAAAAAAAAAAAAAAAAAAAAAAAAAAAAABF1XNNPiL6IAAAAAAAAAAAABAAMAAAkgAAAAAAAAAAAAAAAAAAAABERvY3MAEAAIAADKQOnsAAAAEQAIAADT4b8iAAAAAQAoA9iXbQPYl2wD2JdqAleYawIh+S8CIfkQAJDCKQAFAhUABQIUAAC+7AACAIhNYWNpbnRvc2ggSEQ6VXNlcnM6AEp1c3RlOgBEb2N1bWVudHM6AENvbXBsZXhTeXN0ZW1zOgBDaXR5TmV0d29yazoARG9jczoAUGFwZXJzOgBDeWJlcmdlbzoAQmlibGlvOgBEb2NzOgBhcnQlM0ExMC4xMTQwJTJGZXBqIzQ1RDU3MzQucGRmAA4AXAAtAGEAcgB0ACUAMwBBADEAMAAuADEAMQA0ADAAJQAyAEYAZQBwAGoAZABzACUAMgBGAHMAMQAzADYAOAA4AC0AMAAxADYALQAwADAAOQAwAC0ANAAuAHAAZABmAA8AGgAMAE0AYQBjAGkAbgB0AG8AcwBoACAASABEABIAf1VzZXJzL0p1c3RlL0RvY3VtZW50cy9Db21wbGV4U3lzdGVtcy9DaXR5TmV0d29yay9Eb2NzL1BhcGVycy9DeWJlcmdlby9CaWJsaW8vRG9jcy9hcnQlM0ExMC4xMTQwJTJGZXBqZHMlMkZzMTM2ODgtMDE2LTAwOTAtNC5wZGYAABMAAS8AABUAAgAM//8AAIAG0hscHR5aJGNsYXNzbmFtZVgkY2xhc3Nlc11OU011dGFibGVEYXRhox0fIFZOU0RhdGFYTlNPYmplY3TSGxwiI1xOU0RpY3Rpb25hcnmiIiBfEA9OU0tleWVkQXJjaGl2ZXLRJidUcm9vdIABAAgAEQAaACMALQAyADcAQABGAE0AVQBgAGcAagBsAG4AcQBzAHUAdwCEAI4AzQDSANoDXgNgA2UDcAN5A4cDiwOSA5sDoAOtA7ADwgPFA8oAAAAAAAACAQAAAAAAAAAoAAAAAAAAAAAAAAAAAAADzA==}}

@article{shibata2008detecting,
	Author = {Shibata, Naoki and Kajikawa, Yuya and Takeda, Yoshiyuki and Matsushima, Katsumori},
	Date-Added = {2016-07-25 01:19:03 +0000},
	Date-Modified = {2016-07-25 01:19:03 +0000},
	Journal = {Technovation},
	Number = {11},
	Pages = {758--775},
	Publisher = {Elsevier},
	Title = {Detecting emerging research fronts based on topological measures in citation networks of scientific publications},
	Volume = {28},
	Year = {2008},
	Bdsk-File-1 = {YnBsaXN0MDDUAQIDBAUGJCVYJHZlcnNpb25YJG9iamVjdHNZJGFyY2hpdmVyVCR0b3ASAAGGoKgHCBMUFRYaIVUkbnVsbNMJCgsMDxJXTlMua2V5c1pOUy5vYmplY3RzViRjbGFzc6INDoACgAOiEBGABIAFgAdccmVsYXRpdmVQYXRoWWFsaWFzRGF0YV8QWi4uLy4uLy4uLy4uLy4uL1BhdGVudHNNaW5pbmcvQmlibGlvL0RvY3MvUGFwZXJDbHVzdGVyaW5nXzEtczIuMC1TMDE2NjQ5NzIwODAwMDQzNi1tYWluLnBkZtIXCxgZV05TLmRhdGFPEQJWAAAAAAJWAAIAAAxNYWNpbnRvc2ggSEQAAAAAAAAAAAAAAAAAAADKQVpsSCsAAAMuUdIfUGFwZXJDbHVzdGVyaW5nXzEtcyMzMkU1NzY2LnBkZgAAAAAAAAAAAAAAAAAAAAAAAAAAAAAAAAAAAAAAAAAAAy5XZtIeFtcAAAAAAAAAAAAFAAQAAAkgAAAAAAAAAAAAAAAAAAAABERvY3MAEAAIAADKQOnsAAAAEQAIAADSHaZXAAAAAQAcAy5R0gMuTa8DLk2tAJDCKQAFAhUABQIUAAC+7AACAHJNYWNpbnRvc2ggSEQ6VXNlcnM6AEp1c3RlOgBEb2N1bWVudHM6AENvbXBsZXhTeXN0ZW1zOgBQYXRlbnRzTWluaW5nOgBCaWJsaW86AERvY3M6AFBhcGVyQ2x1c3RlcmluZ18xLXMjMzJFNTc2Ni5wZGYADgBkADEAUABhAHAAZQByAEMAbAB1AHMAdABlAHIAaQBuAGcAXwAxAC0AcwAyAC4AMAAtAFMAMAAxADYANgA0ADkANwAyADAAOAAwADAAMAA0ADMANgAtAG0AYQBpAG4ALgBwAGQAZgAPABoADABNAGEAYwBpAG4AdABvAHMAaAAgAEgARAASAHBVc2Vycy9KdXN0ZS9Eb2N1bWVudHMvQ29tcGxleFN5c3RlbXMvUGF0ZW50c01pbmluZy9CaWJsaW8vRG9jcy9QYXBlckNsdXN0ZXJpbmdfMS1zMi4wLVMwMTY2NDk3MjA4MDAwNDM2LW1haW4ucGRmABMAAS8AABUAAgAM//8AAIAG0hscHR5aJGNsYXNzbmFtZVgkY2xhc3Nlc11OU011dGFibGVEYXRhox0fIFZOU0RhdGFYTlNPYmplY3TSGxwiI1xOU0RpY3Rpb25hcnmiIiBfEA9OU0tleWVkQXJjaGl2ZXLRJidUcm9vdIABAAgAEQAaACMALQAyADcAQABGAE0AVQBgAGcAagBsAG4AcQBzAHUAdwCEAI4A6wDwAPgDUgNUA1kDZANtA3sDfwOGA48DlAOhA6QDtgO5A74AAAAAAAACAQAAAAAAAAAoAAAAAAAAAAAAAAAAAAADwA==}}

@article{choi2014patent,
	Author = {Choi, Jinho and Hwang, Yong-Sik},
	Date-Added = {2016-07-25 01:18:52 +0000},
	Date-Modified = {2016-07-25 01:18:52 +0000},
	Journal = {Technological Forecasting and Social Change},
	Pages = {170--182},
	Publisher = {Elsevier},
	Title = {Patent keyword network analysis for improving technology development efficiency},
	Volume = {83},
	Year = {2014},
	Bdsk-File-1 = {YnBsaXN0MDDUAQIDBAUGJCVYJHZlcnNpb25YJG9iamVjdHNZJGFyY2hpdmVyVCR0b3ASAAGGoKgHCBMUFRYaIVUkbnVsbNMJCgsMDxJXTlMua2V5c1pOUy5vYmplY3RzViRjbGFzc6INDoACgAOiEBGABIAFgAdccmVsYXRpdmVQYXRoWWFsaWFzRGF0YV8QYi4uLy4uLy4uLy4uLy4uL1BhdGVudHNNaW5pbmcvQmlibGlvL0RvY3MvUGF0ZW50c0tleXdvcmRzQW5hbHlzaXNfMS1zMi4wLVMwMDQwMTYyNTEzMDAxNTZYLW1haW4ucGRm0hcLGBlXTlMuZGF0YU8RAm4AAAAAAm4AAgAADE1hY2ludG9zaCBIRAAAAAAAAAAAAAAAAAAAAMpBWmxIKwAAAy5R0h9QYXRlbnRzS2V5d29yZHNBbmFsIzMzQkQ5RUMucGRmAAAAAAAAAAAAAAAAAAAAAAAAAAAAAAAAAAAAAAAAAAADO9ns0iYk4wAAAAAAAAAAAAUABAAACSAAAAAAAAAAAAAAAAAAAAAERG9jcwAQAAgAAMpA6ewAAAARAAgAANIltGMAAAABABwDLlHSAy5NrwMuTa0AkMIpAAUCFQAFAhQAAL7sAAIAck1hY2ludG9zaCBIRDpVc2VyczoASnVzdGU6AERvY3VtZW50czoAQ29tcGxleFN5c3RlbXM6AFBhdGVudHNNaW5pbmc6AEJpYmxpbzoARG9jczoAUGF0ZW50c0tleXdvcmRzQW5hbCMzM0JEOUVDLnBkZgAOAHQAOQBQAGEAdABlAG4AdABzAEsAZQB5AHcAbwByAGQAcwBBAG4AYQBsAHkAcwBpAHMAXwAxAC0AcwAyAC4AMAAtAFMAMAAwADQAMAAxADYAMgA1ADEAMwAwADAAMQA1ADYAWAAtAG0AYQBpAG4ALgBwAGQAZgAPABoADABNAGEAYwBpAG4AdABvAHMAaAAgAEgARAASAHhVc2Vycy9KdXN0ZS9Eb2N1bWVudHMvQ29tcGxleFN5c3RlbXMvUGF0ZW50c01pbmluZy9CaWJsaW8vRG9jcy9QYXRlbnRzS2V5d29yZHNBbmFseXNpc18xLXMyLjAtUzAwNDAxNjI1MTMwMDE1NlgtbWFpbi5wZGYAEwABLwAAFQACAAz//wAAgAbSGxwdHlokY2xhc3NuYW1lWCRjbGFzc2VzXU5TTXV0YWJsZURhdGGjHR8gVk5TRGF0YVhOU09iamVjdNIbHCIjXE5TRGljdGlvbmFyeaIiIF8QD05TS2V5ZWRBcmNoaXZlctEmJ1Ryb290gAEACAARABoAIwAtADIANwBAAEYATQBVAGAAZwBqAGwAbgBxAHMAdQB3AIQAjgDzAPgBAANyA3QDeQOEA40DmwOfA6YDrwO0A8EDxAPWA9kD3gAAAAAAAAIBAAAAAAAAACgAAAAAAAAAAAAAAAAAAAPg}}

@article{2014arXiv1402.7268S,
	Adsnote = {Provided by the SAO/NASA Astrophysics Data System},
	Adsurl = {http://adsabs.harvard.edu/abs/2014arXiv1402.7268S},
	Archiveprefix = {arXiv},
	Author = {{Sarig{\"o}l}, E. and {Pfitzner}, R. and {Scholtes}, I. and {Garas}, A. and {Schweitzer}, F.},
	Date-Added = {2016-07-25 01:18:32 +0000},
	Date-Modified = {2016-07-25 01:18:32 +0000},
	Eprint = {1402.7268},
	Journal = {ArXiv e-prints},
	Keywords = {Physics - Physics and Society, Computer Science - Digital Libraries, Computer Science - Social and Information Networks},
	Month = feb,
	Primaryclass = {physics.soc-ph},
	Title = {{Predicting Scientific Success Based on Coauthorship Networks}},
	Year = 2014,
	Bdsk-File-1 = {YnBsaXN0MDDUAQIDBAUGJCVYJHZlcnNpb25YJG9iamVjdHNZJGFyY2hpdmVyVCR0b3ASAAGGoKgHCBMUFRYaIVUkbnVsbNMJCgsMDxJXTlMua2V5c1pOUy5vYmplY3RzViRjbGFzc6INDoACgAOiEBGABIAFgAdccmVsYXRpdmVQYXRoWWFsaWFzRGF0YV8QUi4uLy4uLy4uLy4uLy4uL0JpYmxpby9DdWx0dXJlL0NvZ25pdGl2ZVNjaWVuY2UvUXVvdGF0aW9uUHJlZGljdGlvbl8xNDAyLjcyNjh2MS5wZGbSFwsYGVdOUy5kYXRhTxECRAAAAAACRAACAAAMTWFjaW50b3NoIEhEAAAAAAAAAAAAAAAAAAAAykFabEgrAAABMQa3H1F1b3RhdGlvblByZWRpY3Rpb24jMTgxQkUyMy5wZGYAAAAAAAAAAAAAAAAAAAAAAAAAAAAAAAAAAAAAAAAAAAGBviPPRT3sAAAAAAAAAAAABQAEAAAJIAAAAAAAAAAAAAAAAAAAABBDb2duaXRpdmVTY2llbmNlABAACAAAykDp7AAAABEACAAAz0TNbAAAAAEAHAExBrcBMQawAKmYegCQwikABQIVAAUCFAAAvuwAAgB4TWFjaW50b3NoIEhEOlVzZXJzOgBKdXN0ZToARG9jdW1lbnRzOgBDb21wbGV4U3lzdGVtczoAQmlibGlvOgBDdWx0dXJlOgBDb2duaXRpdmVTY2llbmNlOgBRdW90YXRpb25QcmVkaWN0aW9uIzE4MUJFMjMucGRmAA4ASAAjAFEAdQBvAHQAYQB0AGkAbwBuAFAAcgBlAGQAaQBjAHQAaQBvAG4AXwAxADQAMAAyAC4ANwAyADYAOAB2ADEALgBwAGQAZgAPABoADABNAGEAYwBpAG4AdABvAHMAaAAgAEgARAASAGhVc2Vycy9KdXN0ZS9Eb2N1bWVudHMvQ29tcGxleFN5c3RlbXMvQmlibGlvL0N1bHR1cmUvQ29nbml0aXZlU2NpZW5jZS9RdW90YXRpb25QcmVkaWN0aW9uXzE0MDIuNzI2OHYxLnBkZgATAAEvAAAVAAIADP//AACABtIbHB0eWiRjbGFzc25hbWVYJGNsYXNzZXNdTlNNdXRhYmxlRGF0YaMdHyBWTlNEYXRhWE5TT2JqZWN00hscIiNcTlNEaWN0aW9uYXJ5oiIgXxAPTlNLZXllZEFyY2hpdmVy0SYnVHJvb3SAAQAIABEAGgAjAC0AMgA3AEAARgBNAFUAYABnAGoAbABuAHEAcwB1AHcAhACOAOMA6ADwAzgDOgM/A0oDUwNhA2UDbAN1A3oDhwOKA5wDnwOkAAAAAAAAAgEAAAAAAAAAKAAAAAAAAAAAAAAAAAAAA6Y=}}

@article{2013arXiv1310.8220N,
	Adsnote = {Provided by the SAO/NASA Astrophysics Data System},
	Adsurl = {http://adsabs.harvard.edu/abs/2013arXiv1310.8220N},
	Archiveprefix = {arXiv},
	Author = {{Newman}, M.~E.~J.},
	Date-Added = {2016-07-25 01:18:11 +0000},
	Date-Modified = {2016-07-25 01:18:11 +0000},
	Eprint = {1310.8220},
	Journal = {ArXiv e-prints},
	Keywords = {Physics - Physics and Society, Computer Science - Digital Libraries, Computer Science - Social and Information Networks},
	Month = oct,
	Primaryclass = {physics.soc-ph},
	Reading = {A},
	Title = {{Prediction of highly cited papers}},
	Year = 2013,
	Bdsk-File-1 = {YnBsaXN0MDDUAQIDBAUGJCVYJHZlcnNpb25YJG9iamVjdHNZJGFyY2hpdmVyVCR0b3ASAAGGoKgHCBMUFRYaIVUkbnVsbNMJCgsMDxJXTlMua2V5c1pOUy5vYmplY3RzViRjbGFzc6INDoACgAOiEBGABIAFgAdccmVsYXRpdmVQYXRoWWFsaWFzRGF0YV8QUS4uLy4uLy4uLy4uLy4uL0JpYmxpby9DdWx0dXJlL0NvZ25pdGl2ZVNjaWVuY2UvUHJlZGljdGlvbkNpdGF0aW9uXzEzMTAuODIyMHYxLnBkZtIXCxgZV05TLmRhdGFPEQJCAAAAAAJCAAIAAAxNYWNpbnRvc2ggSEQAAAAAAAAAAAAAAAAAAADKQVpsSCsAAAExBrcfUHJlZGljdGlvbkNpdGF0aW9uXyMxMzY0M0U1LnBkZgAAAAAAAAAAAAAAAAAAAAAAAAAAAAAAAAAAAAAAAAAAATZD5c6ZwlcAAAAAAAAAAAAFAAQAAAkgAAAAAAAAAAAAAAAAAAAAEENvZ25pdGl2ZVNjaWVuY2UAEAAIAADKQOnsAAAAEQAIAADOmVHXAAAAAQAcATEGtwExBrAAqZh6AJDCKQAFAhUABQIUAAC+7AACAHhNYWNpbnRvc2ggSEQ6VXNlcnM6AEp1c3RlOgBEb2N1bWVudHM6AENvbXBsZXhTeXN0ZW1zOgBCaWJsaW86AEN1bHR1cmU6AENvZ25pdGl2ZVNjaWVuY2U6AFByZWRpY3Rpb25DaXRhdGlvbl8jMTM2NDNFNS5wZGYADgBGACIAUAByAGUAZABpAGMAdABpAG8AbgBDAGkAdABhAHQAaQBvAG4AXwAxADMAMQAwAC4AOAAyADIAMAB2ADEALgBwAGQAZgAPABoADABNAGEAYwBpAG4AdABvAHMAaAAgAEgARAASAGdVc2Vycy9KdXN0ZS9Eb2N1bWVudHMvQ29tcGxleFN5c3RlbXMvQmlibGlvL0N1bHR1cmUvQ29nbml0aXZlU2NpZW5jZS9QcmVkaWN0aW9uQ2l0YXRpb25fMTMxMC44MjIwdjEucGRmAAATAAEvAAAVAAIADP//AACABtIbHB0eWiRjbGFzc25hbWVYJGNsYXNzZXNdTlNNdXRhYmxlRGF0YaMdHyBWTlNEYXRhWE5TT2JqZWN00hscIiNcTlNEaWN0aW9uYXJ5oiIgXxAPTlNLZXllZEFyY2hpdmVy0SYnVHJvb3SAAQAIABEAGgAjAC0AMgA3AEAARgBNAFUAYABnAGoAbABuAHEAcwB1AHcAhACOAOIA5wDvAzUDNwM8A0cDUANeA2IDaQNyA3cDhAOHA5kDnAOhAAAAAAAAAgEAAAAAAAAAKAAAAAAAAAAAAAAAAAAAA6M=}}

@inproceedings{schmid1994probabilistic,
	Annote = {https://github.com/miotto/treetagger-python/blob/master/treetagger.py},
	Author = {Schmid, Helmut},
	Booktitle = {Proceedings of the international conference on new methods in language processing},
	Date-Added = {2016-07-24 01:05:39 +0000},
	Date-Modified = {2016-07-24 01:05:39 +0000},
	Organization = {Citeseer},
	Pages = {44--49},
	Title = {Probabilistic part-of-speech tagging using decision trees},
	Volume = {12},
	Year = {1994},
	Bdsk-File-1 = {YnBsaXN0MDDUAQIDBAUGJCVYJHZlcnNpb25YJG9iamVjdHNZJGFyY2hpdmVyVCR0b3ASAAGGoKgHCBMUFRYaIVUkbnVsbNMJCgsMDxJXTlMua2V5c1pOUy5vYmplY3RzViRjbGFzc6INDoACgAOiEBGABIAFgAdccmVsYXRpdmVQYXRoWWFsaWFzRGF0YV8QHy4uL0JpYmxpby9Eb2NzL3RyZWUtdGFnZ2VyMS5wZGbSFwsYGVdOUy5kYXRhTxECGgAAAAACGgACAAAMTWFjaW50b3NoIEhEAAAAAAAAAAAAAAAAAAAAykFabEgrAAAD2JdtEHRyZWUtdGFnZ2VyMS5wZGYAAAAAAAAAAAAAAAAAAAAAAAAAAAAAAAAAAAAAAAAAAAAAAAAAAAAAAAAAAAAAAAPpfYDSs0clAAAAAAAAAAAAAQADAAAJIAAAAAAAAAAAAAAAAAAAAAREb2NzABAACAAAykDp7AAAABEACAAA0rLWpQAAAAEAKAPYl20D2JdsA9iXagJXmGsCIfkvAiH5EACQwikABQIVAAUCFAAAvuwAAgB5TWFjaW50b3NoIEhEOlVzZXJzOgBKdXN0ZToARG9jdW1lbnRzOgBDb21wbGV4U3lzdGVtczoAQ2l0eU5ldHdvcms6AERvY3M6AFBhcGVyczoAQ3liZXJnZW86AEJpYmxpbzoARG9jczoAdHJlZS10YWdnZXIxLnBkZgAADgAiABAAdAByAGUAZQAtAHQAYQBnAGcAZQByADEALgBwAGQAZgAPABoADABNAGEAYwBpAG4AdABvAHMAaAAgAEgARAASAGJVc2Vycy9KdXN0ZS9Eb2N1bWVudHMvQ29tcGxleFN5c3RlbXMvQ2l0eU5ldHdvcmsvRG9jcy9QYXBlcnMvQ3liZXJnZW8vQmlibGlvL0RvY3MvdHJlZS10YWdnZXIxLnBkZgATAAEvAAAVAAIADP//AACABtIbHB0eWiRjbGFzc25hbWVYJGNsYXNzZXNdTlNNdXRhYmxlRGF0YaMdHyBWTlNEYXRhWE5TT2JqZWN00hscIiNcTlNEaWN0aW9uYXJ5oiIgXxAPTlNLZXllZEFyY2hpdmVy0SYnVHJvb3SAAQAIABEAGgAjAC0AMgA3AEAARgBNAFUAYABnAGoAbABuAHEAcwB1AHcAhACOALAAtQC9AtsC3QLiAu0C9gMEAwgDDwMYAx0DKgMtAz8DQgNHAAAAAAAAAgEAAAAAAAAAKAAAAAAAAAAAAAAAAAAAA0k=},
	Bdsk-Url-1 = {http://www.cis.uni-muenchen.de/~schmid/tools/TreeTagger/}}

@article{noruzi2005google,
	Author = {Noruzi, Alireza},
	Date-Added = {2016-07-24 01:05:39 +0000},
	Date-Modified = {2016-07-24 01:05:39 +0000},
	Journal = {Libri},
	Number = {4},
	Pages = {170--180},
	Title = {Google Scholar: The new generation of citation indexes},
	Volume = {55},
	Year = {2005},
	Bdsk-File-1 = {YnBsaXN0MDDUAQIDBAUGJCVYJHZlcnNpb25YJG9iamVjdHNZJGFyY2hpdmVyVCR0b3ASAAGGoKgHCBMUFRYaIVUkbnVsbNMJCgsMDxJXTlMua2V5c1pOUy5vYmplY3RzViRjbGFzc6INDoACgAOiEBGABIAFgAdccmVsYXRpdmVQYXRoWWFsaWFzRGF0YV8QLi4uL0JpYmxpby9Eb2NzL0dvb2dsZVNjaG9sYXJfbGlici4yMDA1LjE3MC5wZGbSFwsYGVdOUy5kYXRhTxECVgAAAAACVgACAAAMTWFjaW50b3NoIEhEAAAAAAAAAAAAAAAAAAAAykFabEgrAAAD2JdtH0dvb2dsZVNjaG9sYXJfbGlici4yMDA1LjE3MC5wZGYAAAAAAAAAAAAAAAAAAAAAAAAAAAAAAAAAAAAAAAAAAAQJlujS2SxAAAAAAAAAAAAAAQADAAAJIAAAAAAAAAAAAAAAAAAAAAREb2NzABAACAAAykDp7AAAABEACAAA0ti7wAAAAAEAKAPYl20D2JdsA9iXagJXmGsCIfkvAiH5EACQwikABQIVAAUCFAAAvuwAAgCITWFjaW50b3NoIEhEOlVzZXJzOgBKdXN0ZToARG9jdW1lbnRzOgBDb21wbGV4U3lzdGVtczoAQ2l0eU5ldHdvcms6AERvY3M6AFBhcGVyczoAQ3liZXJnZW86AEJpYmxpbzoARG9jczoAR29vZ2xlU2Nob2xhcl9saWJyLjIwMDUuMTcwLnBkZgAOAEAAHwBHAG8AbwBnAGwAZQBTAGMAaABvAGwAYQByAF8AbABpAGIAcgAuADIAMAAwADUALgAxADcAMAAuAHAAZABmAA8AGgAMAE0AYQBjAGkAbgB0AG8AcwBoACAASABEABIAcVVzZXJzL0p1c3RlL0RvY3VtZW50cy9Db21wbGV4U3lzdGVtcy9DaXR5TmV0d29yay9Eb2NzL1BhcGVycy9DeWJlcmdlby9CaWJsaW8vRG9jcy9Hb29nbGVTY2hvbGFyX2xpYnIuMjAwNS4xNzAucGRmAAATAAEvAAAVAAIADP//AACABtIbHB0eWiRjbGFzc25hbWVYJGNsYXNzZXNdTlNNdXRhYmxlRGF0YaMdHyBWTlNEYXRhWE5TT2JqZWN00hscIiNcTlNEaWN0aW9uYXJ5oiIgXxAPTlNLZXllZEFyY2hpdmVy0SYnVHJvb3SAAQAIABEAGgAjAC0AMgA3AEAARgBNAFUAYABnAGoAbABuAHEAcwB1AHcAhACOAL8AxADMAyYDKAMtAzgDQQNPA1MDWgNjA2gDdQN4A4oDjQOSAAAAAAAAAgEAAAAAAAAAKAAAAAAAAAAAAAAAAAAAA5Q=}}

@misc{harzing2007publish,
	Author = {Harzing, Anne-Wil},
	Date-Added = {2016-07-24 01:05:39 +0000},
	Date-Modified = {2016-07-24 01:05:39 +0000},
	Howpublished = {available from http://www.harzing.com/pop.htm},
	Title = {Publish or perish},
	Year = {2007}}

@article{harzing2008google,
	Author = {Harzing, AWK and van der Wal, R},
	Date-Added = {2016-07-24 01:05:39 +0000},
	Date-Modified = {2016-07-24 01:05:39 +0000},
	Title = {Google Scholar as a new source for citation analysis (this issue ESEP)},
	Year = {2008},
	Bdsk-File-1 = {YnBsaXN0MDDUAQIDBAUGJCVYJHZlcnNpb25YJG9iamVjdHNZJGFyY2hpdmVyVCR0b3ASAAGGoKgHCBMUFRYaIVUkbnVsbNMJCgsMDxJXTlMua2V5c1pOUy5vYmplY3RzViRjbGFzc6INDoACgAOiEBGABIAFgAdccmVsYXRpdmVQYXRoWWFsaWFzRGF0YV8QGy4uL0JpYmxpby9Eb2NzL2UwMDhwMDYxLnBkZtIXCxgZV05TLmRhdGFPEQIKAAAAAAIKAAIAAAxNYWNpbnRvc2ggSEQAAAAAAAAAAAAAAAAAAADKQVpsSCsAAAPYl20MZTAwOHAwNjEucGRmAAAAAAAAAAAAAAAAAAAAAAAAAAAAAAAAAAAAAAAAAAAAAAAAAAAAAAAAAAAAAAAAAAAABE5CitOCdAIAAAAAAAAAAAABAAMAAAkgAAAAAAAAAAAAAAAAAAAABERvY3MAEAAIAADKQOnsAAAAEQAIAADTggOCAAAAAQAoA9iXbQPYl2wD2JdqAleYawIh+S8CIfkQAJDCKQAFAhUABQIUAAC+7AACAHVNYWNpbnRvc2ggSEQ6VXNlcnM6AEp1c3RlOgBEb2N1bWVudHM6AENvbXBsZXhTeXN0ZW1zOgBDaXR5TmV0d29yazoARG9jczoAUGFwZXJzOgBDeWJlcmdlbzoAQmlibGlvOgBEb2NzOgBlMDA4cDA2MS5wZGYAAA4AGgAMAGUAMAAwADgAcAAwADYAMQAuAHAAZABmAA8AGgAMAE0AYQBjAGkAbgB0AG8AcwBoACAASABEABIAXlVzZXJzL0p1c3RlL0RvY3VtZW50cy9Db21wbGV4U3lzdGVtcy9DaXR5TmV0d29yay9Eb2NzL1BhcGVycy9DeWJlcmdlby9CaWJsaW8vRG9jcy9lMDA4cDA2MS5wZGYAEwABLwAAFQACAAz//wAAgAbSGxwdHlokY2xhc3NuYW1lWCRjbGFzc2VzXU5TTXV0YWJsZURhdGGjHR8gVk5TRGF0YVhOU09iamVjdNIbHCIjXE5TRGljdGlvbmFyeaIiIF8QD05TS2V5ZWRBcmNoaXZlctEmJ1Ryb290gAEACAARABoAIwAtADIANwBAAEYATQBVAGAAZwBqAGwAbgBxAHMAdQB3AIQAjgCsALEAuQLHAskCzgLZAuIC8AL0AvsDBAMJAxYDGQMrAy4DMwAAAAAAAAIBAAAAAAAAACgAAAAAAAAAAAAAAAAAAAM1}}

@article{bohannon2014scientific,
	Author = {Bohannon, John},
	Date-Added = {2016-07-24 01:05:39 +0000},
	Date-Modified = {2016-07-24 01:05:39 +0000},
	Journal = {Science (New York, NY)},
	Number = {6166},
	Pages = {14},
	Reading = {A},
	Title = {Scientific publishing. Google Scholar wins raves--but can it be trusted?},
	Volume = {343},
	Year = {2014},
	Bdsk-File-1 = {YnBsaXN0MDDUAQIDBAUGJCVYJHZlcnNpb25YJG9iamVjdHNZJGFyY2hpdmVyVCR0b3ASAAGGoKgHCBMUFRYaIVUkbnVsbNMJCgsMDxJXTlMua2V5c1pOUy5vYmplY3RzViRjbGFzc6INDoACgAOiEBGABIAFgAdccmVsYXRpdmVQYXRoWWFsaWFzRGF0YV8QWS4uLy4uLy4uLy4uLy4uL0JpYmxpby9DdWx0dXJlL0FjYWRlbWljUHJhY3RpY2UvR29vZ2xlU2Nob2xhcl9TY2llbmNlLTIwMTQtQm9oYW5ub24tMTQucGRm0hcLGBlXTlMuZGF0YU8RAloAAAAAAloAAgAADE1hY2ludG9zaCBIRAAAAAAAAAAAAAAAAAAAAMpBWmxIKwAAAUpEtB9Hb29nbGVTY2hvbGFyX1NjaWVuIzE2MEUzMjYucGRmAAAAAAAAAAAAAAAAAAAAAAAAAAAAAAAAAAAAAAAAAAABYOMmzwcJ2QAAAAAAAAAAAAUABAAACSAAAAAAAAAAAAAAAAAAAAAQQWNhZGVtaWNQcmFjdGljZQAQAAgAAMpA6ewAAAARAAgAAM8GmVkAAAABABwBSkS0ATEGsACpmHoAkMIpAAUCFQAFAhQAAL7sAAIAeE1hY2ludG9zaCBIRDpVc2VyczoASnVzdGU6AERvY3VtZW50czoAQ29tcGxleFN5c3RlbXM6AEJpYmxpbzoAQ3VsdHVyZToAQWNhZGVtaWNQcmFjdGljZToAR29vZ2xlU2Nob2xhcl9TY2llbiMxNjBFMzI2LnBkZgAOAFYAKgBHAG8AbwBnAGwAZQBTAGMAaABvAGwAYQByAF8AUwBjAGkAZQBuAGMAZQAtADIAMAAxADQALQBCAG8AaABhAG4AbgBvAG4ALQAxADQALgBwAGQAZgAPABoADABNAGEAYwBpAG4AdABvAHMAaAAgAEgARAASAG9Vc2Vycy9KdXN0ZS9Eb2N1bWVudHMvQ29tcGxleFN5c3RlbXMvQmlibGlvL0N1bHR1cmUvQWNhZGVtaWNQcmFjdGljZS9Hb29nbGVTY2hvbGFyX1NjaWVuY2UtMjAxNC1Cb2hhbm5vbi0xNC5wZGYAABMAAS8AABUAAgAM//8AAIAG0hscHR5aJGNsYXNzbmFtZVgkY2xhc3Nlc11OU011dGFibGVEYXRhox0fIFZOU0RhdGFYTlNPYmplY3TSGxwiI1xOU0RpY3Rpb25hcnmiIiBfEA9OU0tleWVkQXJjaGl2ZXLRJidUcm9vdIABAAgAEQAaACMALQAyADcAQABGAE0AVQBgAGcAagBsAG4AcQBzAHUAdwCEAI4A6gDvAPcDVQNXA1wDZwNwA34DggOJA5IDlwOkA6cDuQO8A8EAAAAAAAACAQAAAAAAAAAoAAAAAAAAAAAAAAAAAAADww==}}

@article{alberto2015they,
	Author = {Alberto, Baccini and Giuseppe, De Nicolao},
	Date-Added = {2016-07-24 01:05:39 +0000},
	Date-Modified = {2016-07-24 01:05:39 +0000},
	Journal = {arXiv preprint arXiv:1505.00115},
	Title = {Do they agree? Bibliometric evaluation vs informed peer review in the Italian research assessment exercise},
	Year = {2015},
	Bdsk-File-1 = {YnBsaXN0MDDUAQIDBAUGJCVYJHZlcnNpb25YJG9iamVjdHNZJGFyY2hpdmVyVCR0b3ASAAGGoKgHCBMUFRYaIVUkbnVsbNMJCgsMDxJXTlMua2V5c1pOUy5vYmplY3RzViRjbGFzc6INDoACgAOiEBGABIAFgAdccmVsYXRpdmVQYXRoWWFsaWFzRGF0YV8QHy4uL0JpYmxpby9Eb2NzLzE1MDUuMDAxMTV2Mi5wZGbSFwsYGVdOUy5kYXRhTxECGgAAAAACGgACAAAMTWFjaW50b3NoIEhEAAAAAAAAAAAAAAAAAAAAykFabEgrAAAD2JdtEDE1MDUuMDAxMTV2Mi5wZGYAAAAAAAAAAAAAAAAAAAAAAAAAAAAAAAAAAAAAAAAAAAAAAAAAAAAAAAAAAAAAAAQsFy/TG2wiAAAAAAAAAAAAAQADAAAJIAAAAAAAAAAAAAAAAAAAAAREb2NzABAACAAAykDp7AAAABEACAAA0xr7ogAAAAEAKAPYl20D2JdsA9iXagJXmGsCIfkvAiH5EACQwikABQIVAAUCFAAAvuwAAgB5TWFjaW50b3NoIEhEOlVzZXJzOgBKdXN0ZToARG9jdW1lbnRzOgBDb21wbGV4U3lzdGVtczoAQ2l0eU5ldHdvcms6AERvY3M6AFBhcGVyczoAQ3liZXJnZW86AEJpYmxpbzoARG9jczoAMTUwNS4wMDExNXYyLnBkZgAADgAiABAAMQA1ADAANQAuADAAMAAxADEANQB2ADIALgBwAGQAZgAPABoADABNAGEAYwBpAG4AdABvAHMAaAAgAEgARAASAGJVc2Vycy9KdXN0ZS9Eb2N1bWVudHMvQ29tcGxleFN5c3RlbXMvQ2l0eU5ldHdvcmsvRG9jcy9QYXBlcnMvQ3liZXJnZW8vQmlibGlvL0RvY3MvMTUwNS4wMDExNXYyLnBkZgATAAEvAAAVAAIADP//AACABtIbHB0eWiRjbGFzc25hbWVYJGNsYXNzZXNdTlNNdXRhYmxlRGF0YaMdHyBWTlNEYXRhWE5TT2JqZWN00hscIiNcTlNEaWN0aW9uYXJ5oiIgXxAPTlNLZXllZEFyY2hpdmVy0SYnVHJvb3SAAQAIABEAGgAjAC0AMgA3AEAARgBNAFUAYABnAGoAbABuAHEAcwB1AHcAhACOALAAtQC9AtsC3QLiAu0C9gMEAwgDDwMYAx0DKgMtAz8DQgNHAAAAAAAAAgEAAAAAAAAAKAAAAAAAAAAAAAAAAAAAA0k=}}

@inproceedings{garanina2015citation,
	Author = {Garanina, OS and Romanovsky, M Yu},
	Booktitle = {Proceedings of ISSI},
	Date-Added = {2016-07-24 01:05:39 +0000},
	Date-Modified = {2016-07-24 01:05:39 +0000},
	Pages = {272--277},
	Title = {Citation Distribution of Individual Scientist: Approximations of Stretch Exponential Distribution with Power Law Tails},
	Year = {2015},
	Bdsk-File-1 = {YnBsaXN0MDDUAQIDBAUGJCVYJHZlcnNpb25YJG9iamVjdHNZJGFyY2hpdmVyVCR0b3ASAAGGoKgHCBMUFRYaIVUkbnVsbNMJCgsMDxJXTlMua2V5c1pOUy5vYmplY3RzViRjbGFzc6INDoACgAOiEBGABIAFgAdccmVsYXRpdmVQYXRoWWFsaWFzRGF0YV8QHy4uL0JpYmxpby9Eb2NzLzE2MDUuMDM3NDF2MS5wZGbSFwsYGVdOUy5kYXRhTxECGgAAAAACGgACAAAMTWFjaW50b3NoIEhEAAAAAAAAAAAAAAAAAAAAykFabEgrAAAD2JdtEDE2MDUuMDM3NDF2MS5wZGYAAAAAAAAAAAAAAAAAAAAAAAAAAAAAAAAAAAAAAAAAAAAAAAAAAAAAAAAAAAAAAAQ8rijTXBljAAAAAAAAAAAAAQADAAAJIAAAAAAAAAAAAAAAAAAAAAREb2NzABAACAAAykDp7AAAABEACAAA01uo4wAAAAEAKAPYl20D2JdsA9iXagJXmGsCIfkvAiH5EACQwikABQIVAAUCFAAAvuwAAgB5TWFjaW50b3NoIEhEOlVzZXJzOgBKdXN0ZToARG9jdW1lbnRzOgBDb21wbGV4U3lzdGVtczoAQ2l0eU5ldHdvcms6AERvY3M6AFBhcGVyczoAQ3liZXJnZW86AEJpYmxpbzoARG9jczoAMTYwNS4wMzc0MXYxLnBkZgAADgAiABAAMQA2ADAANQAuADAAMwA3ADQAMQB2ADEALgBwAGQAZgAPABoADABNAGEAYwBpAG4AdABvAHMAaAAgAEgARAASAGJVc2Vycy9KdXN0ZS9Eb2N1bWVudHMvQ29tcGxleFN5c3RlbXMvQ2l0eU5ldHdvcmsvRG9jcy9QYXBlcnMvQ3liZXJnZW8vQmlibGlvL0RvY3MvMTYwNS4wMzc0MXYxLnBkZgATAAEvAAAVAAIADP//AACABtIbHB0eWiRjbGFzc25hbWVYJGNsYXNzZXNdTlNNdXRhYmxlRGF0YaMdHyBWTlNEYXRhWE5TT2JqZWN00hscIiNcTlNEaWN0aW9uYXJ5oiIgXxAPTlNLZXllZEFyY2hpdmVy0SYnVHJvb3SAAQAIABEAGgAjAC0AMgA3AEAARgBNAFUAYABnAGoAbABuAHEAcwB1AHcAhACOALAAtQC9AtsC3QLiAu0C9gMEAwgDDwMYAx0DKgMtAz8DQgNHAAAAAAAAAgEAAAAAAAAAKAAAAAAAAAAAAAAAAAAAA0k=}}

@article{2015arXiv150601280B,
	Adsnote = {Provided by the SAO/NASA Astrophysics Data System},
	Adsurl = {http://adsabs.harvard.edu/abs/2015arXiv150601280B},
	Archiveprefix = {arXiv},
	Author = {{Battiston}, F. and {Iacovacci}, J. and {Nicosia}, V. and {Bianconi}, G. and {Latora}, V.},
	Date-Added = {2016-07-24 01:05:39 +0000},
	Date-Modified = {2016-07-24 01:05:39 +0000},
	Eprint = {1506.01280},
	Journal = {ArXiv e-prints},
	Keywords = {Physics - Physics and Society, Computer Science - Social and Information Networks},
	Month = jun,
	Primaryclass = {physics.soc-ph},
	Title = {{Emergence of multiplex communities in collaboration networks}},
	Year = 2015,
	Bdsk-File-1 = {YnBsaXN0MDDUAQIDBAUGJCVYJHZlcnNpb25YJG9iamVjdHNZJGFyY2hpdmVyVCR0b3ASAAGGoKgHCBMUFRYaIVUkbnVsbNMJCgsMDxJXTlMua2V5c1pOUy5vYmplY3RzViRjbGFzc6INDoACgAOiEBGABIAFgAdccmVsYXRpdmVQYXRoWWFsaWFzRGF0YV8QNS4uL0JpYmxpby9Eb2NzL0NvbW11bml0eUh5cGVybmV0d29ya18xNTA2LjAxMjgwdjIucGRm0hcLGBlXTlMuZGF0YU8RAmoAAAAAAmoAAgAADE1hY2ludG9zaCBIRAAAAAAAAAAAAAAAAAAAAMpBWmxIKwAAA9iXbR9Db21tdW5pdHlIeXBlcm5ldHdvIzQwM0VENkQucGRmAAAAAAAAAAAAAAAAAAAAAAAAAAAAAAAAAAAAAAAAAAAEA+1t0tFAdAAAAAAAAAAAAAEAAwAACSAAAAAAAAAAAAAAAAAAAAAERG9jcwAQAAgAAMpA6ewAAAARAAgAANLQz/QAAAABACgD2JdtA9iXbAPYl2oCV5hrAiH5LwIh+RAAkMIpAAUCFQAFAhQAAL7sAAIAiE1hY2ludG9zaCBIRDpVc2VyczoASnVzdGU6AERvY3VtZW50czoAQ29tcGxleFN5c3RlbXM6AENpdHlOZXR3b3JrOgBEb2NzOgBQYXBlcnM6AEN5YmVyZ2VvOgBCaWJsaW86AERvY3M6AENvbW11bml0eUh5cGVybmV0d28jNDAzRUQ2RC5wZGYADgBOACYAQwBvAG0AbQB1AG4AaQB0AHkASAB5AHAAZQByAG4AZQB0AHcAbwByAGsAXwAxADUAMAA2AC4AMAAxADIAOAAwAHYAMgAuAHAAZABmAA8AGgAMAE0AYQBjAGkAbgB0AG8AcwBoACAASABEABIAeFVzZXJzL0p1c3RlL0RvY3VtZW50cy9Db21wbGV4U3lzdGVtcy9DaXR5TmV0d29yay9Eb2NzL1BhcGVycy9DeWJlcmdlby9CaWJsaW8vRG9jcy9Db21tdW5pdHlIeXBlcm5ldHdvcmtfMTUwNi4wMTI4MHYyLnBkZgATAAEvAAAVAAIADP//AACABtIbHB0eWiRjbGFzc25hbWVYJGNsYXNzZXNdTlNNdXRhYmxlRGF0YaMdHyBWTlNEYXRhWE5TT2JqZWN00hscIiNcTlNEaWN0aW9uYXJ5oiIgXxAPTlNLZXllZEFyY2hpdmVy0SYnVHJvb3SAAQAIABEAGgAjAC0AMgA3AEAARgBNAFUAYABnAGoAbABuAHEAcwB1AHcAhACOAMYAywDTA0EDQwNIA1MDXANqA24DdQN+A4MDkAOTA6UDqAOtAAAAAAAAAgEAAAAAAAAAKAAAAAAAAAAAAAAAAAAAA68=}}

@article{2015arXiv150605690S,
	Adsnote = {Provided by the SAO/NASA Astrophysics Data System},
	Adsurl = {http://adsabs.harvard.edu/abs/2015arXiv150605690S},
	Archiveprefix = {arXiv},
	Author = {{Silva}, F.~N. and {Amancio}, D.~R. and {Bardosova}, M. and {Oliveira}, Jr., O.~N. and {Costa}, L.~d.~F.},
	Date-Added = {2016-07-24 01:05:39 +0000},
	Date-Modified = {2016-07-24 01:05:39 +0000},
	Eprint = {1506.05690},
	Journal = {ArXiv e-prints},
	Keywords = {Computer Science - Social and Information Networks, Physics - Physics and Society},
	Month = jun,
	Title = {{Using network science and text analytics to produce surveys in a scientific topic}},
	Year = 2015,
	Bdsk-File-1 = {YnBsaXN0MDDUAQIDBAUGJCVYJHZlcnNpb25YJG9iamVjdHNZJGFyY2hpdmVyVCR0b3ASAAGGoKgHCBMUFRYaIVUkbnVsbNMJCgsMDxJXTlMua2V5c1pOUy5vYmplY3RzViRjbGFzc6INDoACgAOiEBGABIAFgAdccmVsYXRpdmVQYXRoWWFsaWFzRGF0YV8QHy4uL0JpYmxpby9Eb2NzLzE1MDYuMDU2OTB2Mi5wZGbSFwsYGVdOUy5kYXRhTxECGgAAAAACGgACAAAMTWFjaW50b3NoIEhEAAAAAAAAAAAAAAAAAAAAykFabEgrAAAD2JdtEDE1MDYuMDU2OTB2Mi5wZGYAAAAAAAAAAAAAAAAAAAAAAAAAAAAAAAAAAAAAAAAAAAAAAAAAAAAAAAAAAAAAAAQqYCLTEkObAAAAAAAAAAAAAQADAAAJIAAAAAAAAAAAAAAAAAAAAAREb2NzABAACAAAykDp7AAAABEACAAA0xHTGwAAAAEAKAPYl20D2JdsA9iXagJXmGsCIfkvAiH5EACQwikABQIVAAUCFAAAvuwAAgB5TWFjaW50b3NoIEhEOlVzZXJzOgBKdXN0ZToARG9jdW1lbnRzOgBDb21wbGV4U3lzdGVtczoAQ2l0eU5ldHdvcms6AERvY3M6AFBhcGVyczoAQ3liZXJnZW86AEJpYmxpbzoARG9jczoAMTUwNi4wNTY5MHYyLnBkZgAADgAiABAAMQA1ADAANgAuADAANQA2ADkAMAB2ADIALgBwAGQAZgAPABoADABNAGEAYwBpAG4AdABvAHMAaAAgAEgARAASAGJVc2Vycy9KdXN0ZS9Eb2N1bWVudHMvQ29tcGxleFN5c3RlbXMvQ2l0eU5ldHdvcmsvRG9jcy9QYXBlcnMvQ3liZXJnZW8vQmlibGlvL0RvY3MvMTUwNi4wNTY5MHYyLnBkZgATAAEvAAAVAAIADP//AACABtIbHB0eWiRjbGFzc25hbWVYJGNsYXNzZXNdTlNNdXRhYmxlRGF0YaMdHyBWTlNEYXRhWE5TT2JqZWN00hscIiNcTlNEaWN0aW9uYXJ5oiIgXxAPTlNLZXllZEFyY2hpdmVy0SYnVHJvb3SAAQAIABEAGgAjAC0AMgA3AEAARgBNAFUAYABnAGoAbABuAHEAcwB1AHcAhACOALAAtQC9AtsC3QLiAu0C9gMEAwgDDwMYAx0DKgMtAz8DQgNHAAAAAAAAAgEAAAAAAAAAKAAAAAAAAAAAAAAAAAAAA0k=}}

@article{2015arXiv151104946D,
	Adsnote = {Provided by the SAO/NASA Astrophysics Data System},
	Adsurl = {http://adsabs.harvard.edu/abs/2015arXiv151104946D},
	Archiveprefix = {arXiv},
	Author = {{Doslu}, M. and {Bingol}, H.~O.},
	Date-Added = {2016-07-24 01:05:39 +0000},
	Date-Modified = {2016-07-24 01:05:39 +0000},
	Eprint = {1511.04946},
	Journal = {ArXiv e-prints},
	Keywords = {Computer Science - Digital Libraries, Computer Science - Information Retrieval, Computer Science - Social and Information Networks, Physics - Physics and Society, H.3.3, H.3.1},
	Month = nov,
	Primaryclass = {cs.DL},
	Title = {{Context Sensitive Article Ranking with Citation Context Analysis}},
	Year = 2015,
	Bdsk-File-1 = {YnBsaXN0MDDUAQIDBAUGJCVYJHZlcnNpb25YJG9iamVjdHNZJGFyY2hpdmVyVCR0b3ASAAGGoKgHCBMUFRYaIVUkbnVsbNMJCgsMDxJXTlMua2V5c1pOUy5vYmplY3RzViRjbGFzc6INDoACgAOiEBGABIAFgAdccmVsYXRpdmVQYXRoWWFsaWFzRGF0YV8QHy4uL0JpYmxpby9Eb2NzLzE1MTEuMDQ5NDZ2Mi5wZGbSFwsYGVdOUy5kYXRhTxECGgAAAAACGgACAAAMTWFjaW50b3NoIEhEAAAAAAAAAAAAAAAAAAAAykFabEgrAAAD2JdtEDE1MTEuMDQ5NDZ2Mi5wZGYAAAAAAAAAAAAAAAAAAAAAAAAAAAAAAAAAAAAAAAAAAAAAAAAAAAAAAAAAAAAAAAQ0OIvTSADqAAAAAAAAAAAAAQADAAAJIAAAAAAAAAAAAAAAAAAAAAREb2NzABAACAAAykDp7AAAABEACAAA00eQagAAAAEAKAPYl20D2JdsA9iXagJXmGsCIfkvAiH5EACQwikABQIVAAUCFAAAvuwAAgB5TWFjaW50b3NoIEhEOlVzZXJzOgBKdXN0ZToARG9jdW1lbnRzOgBDb21wbGV4U3lzdGVtczoAQ2l0eU5ldHdvcms6AERvY3M6AFBhcGVyczoAQ3liZXJnZW86AEJpYmxpbzoARG9jczoAMTUxMS4wNDk0NnYyLnBkZgAADgAiABAAMQA1ADEAMQAuADAANAA5ADQANgB2ADIALgBwAGQAZgAPABoADABNAGEAYwBpAG4AdABvAHMAaAAgAEgARAASAGJVc2Vycy9KdXN0ZS9Eb2N1bWVudHMvQ29tcGxleFN5c3RlbXMvQ2l0eU5ldHdvcmsvRG9jcy9QYXBlcnMvQ3liZXJnZW8vQmlibGlvL0RvY3MvMTUxMS4wNDk0NnYyLnBkZgATAAEvAAAVAAIADP//AACABtIbHB0eWiRjbGFzc25hbWVYJGNsYXNzZXNdTlNNdXRhYmxlRGF0YaMdHyBWTlNEYXRhWE5TT2JqZWN00hscIiNcTlNEaWN0aW9uYXJ5oiIgXxAPTlNLZXllZEFyY2hpdmVy0SYnVHJvb3SAAQAIABEAGgAjAC0AMgA3AEAARgBNAFUAYABnAGoAbABuAHEAcwB1AHcAhACOALAAtQC9AtsC3QLiAu0C9gMEAwgDDwMYAx0DKgMtAz8DQgNHAAAAAAAAAgEAAAAAAAAAKAAAAAAAAAAAAAAAAAAAA0k=}}

@article{gorraiz2016bibliometric,
	Author = {Gorraiz, Juan and Gumpenberger, Christian and Glade, Thomas},
	Date-Added = {2016-07-24 01:05:39 +0000},
	Date-Modified = {2016-07-24 01:05:39 +0000},
	Journal = {Scientometrics},
	Number = {2},
	Pages = {873--897},
	Publisher = {Springer},
	Title = {On the bibliometric coordinates of four different research fields in Geography},
	Volume = {107},
	Year = {2016},
	Bdsk-File-1 = {YnBsaXN0MDDUAQIDBAUGJCVYJHZlcnNpb25YJG9iamVjdHNZJGFyY2hpdmVyVCR0b3ASAAGGoKgHCBMUFRYaIVUkbnVsbNMJCgsMDxJXTlMua2V5c1pOUy5vYmplY3RzViRjbGFzc6INDoACgAOiEBGABIAFgAdccmVsYXRpdmVQYXRoWWFsaWFzRGF0YV8QTS4uL0JpYmxpby9Eb2NzL1NjaWVudG9tZXRyaWNzL2dlb2dyYXBoeV9hcnQlM0ExMC4xMDA3JTJGczExMTkyLTAxNi0xODY0LXkucGRm0hcLGBlXTlMuZGF0YU8RArIAAAAAArIAAgAADE1hY2ludG9zaCBIRAAAAAAAAAAAAAAAAAAAAMpBWmxIKwAABE4v+x9nZW9ncmFwaHlfYXJ0JTNBMTAuIzQ0RTQzMjUucGRmAAAAAAAAAAAAAAAAAAAAAAAAAAAAAAAAAAAAAAAAAAAETkMl04J0sgAAAAAAAAAAAAEABAAACSAAAAAAAAAAAAAAAAAAAAAOU2NpZW50b21ldHJpY3MAEAAIAADKQOnsAAAAEQAIAADTggQyAAAAAQAsBE4v+wPYl20D2JdsA9iXagJXmGsCIfkvAiH5EACQwikABQIVAAUCFAAAvuwAAgCYTWFjaW50b3NoIEhEOlVzZXJzOgBKdXN0ZToARG9jdW1lbnRzOgBDb21wbGV4U3lzdGVtczoAQ2l0eU5ldHdvcms6AERvY3M6AFBhcGVyczoAQ3liZXJnZW86AEJpYmxpbzoARG9jczoAU2NpZW50b21ldHJpY3M6AGdlb2dyYXBoeV9hcnQlM0ExMC4jNDRFNDMyNS5wZGYADgBgAC8AZwBlAG8AZwByAGEAcABoAHkAXwBhAHIAdAAlADMAQQAxADAALgAxADAAMAA3ACUAMgBGAHMAMQAxADEAOQAyAC0AMAAxADYALQAxADgANgA0AC0AeQAuAHAAZABmAA8AGgAMAE0AYQBjAGkAbgB0AG8AcwBoACAASABEABIAkFVzZXJzL0p1c3RlL0RvY3VtZW50cy9Db21wbGV4U3lzdGVtcy9DaXR5TmV0d29yay9Eb2NzL1BhcGVycy9DeWJlcmdlby9CaWJsaW8vRG9jcy9TY2llbnRvbWV0cmljcy9nZW9ncmFwaHlfYXJ0JTNBMTAuMTAwNyUyRnMxMTE5Mi0wMTYtMTg2NC15LnBkZgATAAEvAAAVAAIADP//AACABtIbHB0eWiRjbGFzc25hbWVYJGNsYXNzZXNdTlNNdXRhYmxlRGF0YaMdHyBWTlNEYXRhWE5TT2JqZWN00hscIiNcTlNEaWN0aW9uYXJ5oiIgXxAPTlNLZXllZEFyY2hpdmVy0SYnVHJvb3SAAQAIABEAGgAjAC0AMgA3AEAARgBNAFUAYABnAGoAbABuAHEAcwB1AHcAhACOAN4A4wDrA6EDowOoA7MDvAPKA84D1QPeA+MD8APzBAUECAQNAAAAAAAAAgEAAAAAAAAAKAAAAAAAAAAAAAAAAAAABA8=}}

@article{moreno2016uncertainty,
	Author = {Moreno, Mar{\'\i}a del Carmen Calatrava and Auzinger, Thomas and Werthner, Hannes},
	Date-Added = {2016-07-24 01:05:39 +0000},
	Date-Modified = {2016-07-24 01:05:39 +0000},
	Journal = {Scientometrics},
	Number = {1},
	Pages = {213--232},
	Publisher = {Springer},
	Title = {On the uncertainty of interdisciplinarity measurements due to incomplete bibliographic data},
	Volume = {107},
	Year = {2016},
	Bdsk-File-1 = {YnBsaXN0MDDUAQIDBAUGJCVYJHZlcnNpb25YJG9iamVjdHNZJGFyY2hpdmVyVCR0b3ASAAGGoKgHCBMUFRYaIVUkbnVsbNMJCgsMDxJXTlMua2V5c1pOUy5vYmplY3RzViRjbGFzc6INDoACgAOiEBGABIAFgAdccmVsYXRpdmVQYXRoWWFsaWFzRGF0YV8QYy4uL0JpYmxpby9Eb2NzL1NjaWVudG9tZXRyaWNzL1VuY2VydGFpbnR5SW50ZXJkaXNjTWVhc3VyZW1lbnRfYXJ0JTNBMTAuMTAwNyUyRnMxMTE5Mi0wMTYtMTg0Mi00LnBkZtIXCxgZV05TLmRhdGFPEQL0AAAAAAL0AAIAAAxNYWNpbnRvc2ggSEQAAAAAAAAAAAAAAAAAAADKQVpsSCsAAAROL/sfVW5jZXJ0YWludHlJbnRlcmRpcyM0NEUzOEUwLnBkZgAAAAAAAAAAAAAAAAAAAAAAAAAAAAAAAAAAAAAAAAAABE444NOCa6EAAAAAAAAAAAABAAQAAAkgAAAAAAAAAAAAAAAAAAAADlNjaWVudG9tZXRyaWNzABAACAAAykDp7AAAABEACAAA04H7IQAAAAEALAROL/sD2JdtA9iXbAPYl2oCV5hrAiH5LwIh+RAAkMIpAAUCFQAFAhQAAL7sAAIAmE1hY2ludG9zaCBIRDpVc2VyczoASnVzdGU6AERvY3VtZW50czoAQ29tcGxleFN5c3RlbXM6AENpdHlOZXR3b3JrOgBEb2NzOgBQYXBlcnM6AEN5YmVyZ2VvOgBCaWJsaW86AERvY3M6AFNjaWVudG9tZXRyaWNzOgBVbmNlcnRhaW50eUludGVyZGlzIzQ0RTM4RTAucGRmAA4AjABFAFUAbgBjAGUAcgB0AGEAaQBuAHQAeQBJAG4AdABlAHIAZABpAHMAYwBNAGUAYQBzAHUAcgBlAG0AZQBuAHQAXwBhAHIAdAAlADMAQQAxADAALgAxADAAMAA3ACUAMgBGAHMAMQAxADEAOQAyAC0AMAAxADYALQAxADgANAAyAC0ANAAuAHAAZABmAA8AGgAMAE0AYQBjAGkAbgB0AG8AcwBoACAASABEABIAplVzZXJzL0p1c3RlL0RvY3VtZW50cy9Db21wbGV4U3lzdGVtcy9DaXR5TmV0d29yay9Eb2NzL1BhcGVycy9DeWJlcmdlby9CaWJsaW8vRG9jcy9TY2llbnRvbWV0cmljcy9VbmNlcnRhaW50eUludGVyZGlzY01lYXN1cmVtZW50X2FydCUzQTEwLjEwMDclMkZzMTExOTItMDE2LTE4NDItNC5wZGYAEwABLwAAFQACAAz//wAAgAbSGxwdHlokY2xhc3NuYW1lWCRjbGFzc2VzXU5TTXV0YWJsZURhdGGjHR8gVk5TRGF0YVhOU09iamVjdNIbHCIjXE5TRGljdGlvbmFyeaIiIF8QD05TS2V5ZWRBcmNoaXZlctEmJ1Ryb290gAEACAARABoAIwAtADIANwBAAEYATQBVAGAAZwBqAGwAbgBxAHMAdQB3AIQAjgD0APkBAQP5A/sEAAQLBBQEIgQmBC0ENgQ7BEgESwRdBGAEZQAAAAAAAAIBAAAAAAAAACgAAAAAAAAAAAAAAAAAAARn}}

@article{2016arXiv160106075O,
	Adsnote = {Provided by the SAO/NASA Astrophysics Data System},
	Adsurl = {http://adsabs.harvard.edu/abs/2016arXiv160106075O},
	Archiveprefix = {arXiv},
	Author = {{Omodei}, E. and {De Domenico}, M. and {Arenas}, A.},
	Date-Added = {2016-07-24 01:05:39 +0000},
	Date-Modified = {2016-07-24 01:05:39 +0000},
	Eprint = {1601.06075},
	Journal = {ArXiv e-prints},
	Keywords = {Physics - Physics and Society, Computer Science - Digital Libraries},
	Month = jan,
	Primaryclass = {physics.soc-ph},
	Title = {{Evaluating the impact of interdisciplinary research: a multilayer network approach}},
	Year = 2016,
	Bdsk-File-1 = {YnBsaXN0MDDUAQIDBAUGJCVYJHZlcnNpb25YJG9iamVjdHNZJGFyY2hpdmVyVCR0b3ASAAGGoKgHCBMUFRYaIVUkbnVsbNMJCgsMDxJXTlMua2V5c1pOUy5vYmplY3RzViRjbGFzc6INDoACgAOiEBGABIAFgAdccmVsYXRpdmVQYXRoWWFsaWFzRGF0YV8QRS4uL0JpYmxpby9Eb2NzL0ludGVyZGlzY2lwbGluYXJ5UmVzZWFyY2hIeXBlcm5ldHdvcmtfMTYwMS4wNjA3NXYxLnBkZtIXCxgZV05TLmRhdGFPEQKaAAAAAAKaAAIAAAxNYWNpbnRvc2ggSEQAAAAAAAAAAAAAAAAAAADKQVpsSCsAAAPYl20fSW50ZXJkaXNjaXBsaW5hcnlSZSMzRkU2NTQ4LnBkZgAAAAAAAAAAAAAAAAAAAAAAAAAAAAAAAAAAAAAAAAAAA/5lSNLMA90AAAAAAAAAAAABAAMAAAkgAAAAAAAAAAAAAAAAAAAABERvY3MAEAAIAADKQOnsAAAAEQAIAADSy5NdAAAAAQAoA9iXbQPYl2wD2JdqAleYawIh+S8CIfkQAJDCKQAFAhUABQIUAAC+7AACAIhNYWNpbnRvc2ggSEQ6VXNlcnM6AEp1c3RlOgBEb2N1bWVudHM6AENvbXBsZXhTeXN0ZW1zOgBDaXR5TmV0d29yazoARG9jczoAUGFwZXJzOgBDeWJlcmdlbzoAQmlibGlvOgBEb2NzOgBJbnRlcmRpc2NpcGxpbmFyeVJlIzNGRTY1NDgucGRmAA4AbgA2AEkAbgB0AGUAcgBkAGkAcwBjAGkAcABsAGkAbgBhAHIAeQBSAGUAcwBlAGEAcgBjAGgASAB5AHAAZQByAG4AZQB0AHcAbwByAGsAXwAxADYAMAAxAC4AMAA2ADAANwA1AHYAMQAuAHAAZABmAA8AGgAMAE0AYQBjAGkAbgB0AG8AcwBoACAASABEABIAiFVzZXJzL0p1c3RlL0RvY3VtZW50cy9Db21wbGV4U3lzdGVtcy9DaXR5TmV0d29yay9Eb2NzL1BhcGVycy9DeWJlcmdlby9CaWJsaW8vRG9jcy9JbnRlcmRpc2NpcGxpbmFyeVJlc2VhcmNoSHlwZXJuZXR3b3JrXzE2MDEuMDYwNzV2MS5wZGYAEwABLwAAFQACAAz//wAAgAbSGxwdHlokY2xhc3NuYW1lWCRjbGFzc2VzXU5TTXV0YWJsZURhdGGjHR8gVk5TRGF0YVhOU09iamVjdNIbHCIjXE5TRGljdGlvbmFyeaIiIF8QD05TS2V5ZWRBcmNoaXZlctEmJ1Ryb290gAEACAARABoAIwAtADIANwBAAEYATQBVAGAAZwBqAGwAbgBxAHMAdQB3AIQAjgDWANsA4wOBA4MDiAOTA5wDqgOuA7UDvgPDA9AD0wPlA+gD7QAAAAAAAAIBAAAAAAAAACgAAAAAAAAAAAAAAAAAAAPv}}

@article{10.1371/journal.pone.0147913,
	Abstract = {<sec id="sec001"> <title>Background</title> <p>Recent controversies highlighting substandard peer review in Open Access (OA) and traditional (subscription) journals have increased the need for authors, funders, publishers, and institutions to assure quality of peer-review in academic journals. I propose that transparency of the peer-review process may be seen as an indicator of the quality of peer-review, and develop and validate a tool enabling different stakeholders to assess transparency of the peer-review process.</p> </sec> <sec id="sec002"> <title>Methods and Findings</title> <p>Based on editorial guidelines and best practices, I developed a 14-item tool to rate transparency of the peer-review process on the basis of journals' websites. In Study 1, a random sample of 231 authors of papers in 92 subscription journals in different fields rated transparency of the journals that published their work. Authors' ratings of the transparency were positively associated with quality of the peer-review process but unrelated to journal's impact factors. In Study 2, 20 experts on OA publishing assessed the transparency of established (non-OA) journals, OA journals categorized as being published by potential predatory publishers, and journals from the Directory of Open Access Journals (DOAJ). Results show high reliability across items (a = .91) and sufficient reliability across raters. Ratings differentiated the three types of journals well. In Study 3, academic librarians rated a random sample of 140 DOAJ journals and another 54 journals that had received a hoax paper written by Bohannon to test peer-review quality. Journals with higher transparency ratings were less likely to accept the flawed paper and showed higher impact as measured by the h5 index from Google Scholar.</p> </sec> <sec id="sec003"> <title>Conclusions</title> <p>The tool to assess transparency of the peer-review process at academic journals shows promising reliability and validity. The transparency of the peer-review process can be seen as an indicator of peer-review quality allowing the tool to be used to predict academic quality in new journals.</p> </sec>},
	Author = {Wicherts, Jelte M.},
	Date-Added = {2016-07-24 01:05:39 +0000},
	Date-Modified = {2016-07-25 01:14:30 +0000},
	Doi = {10.1371/journal.pone.0147913},
	Journal = {PLoS ONE},
	Month = {01},
	Number = {1},
	Pages = {e0147913},
	Publisher = {Public Library of Science},
	Title = {Peer Review Quality and Transparency of the Peer-Review Process in Open Access and Subscription Journals},
	Volume = {11},
	Year = {2016},
	Bdsk-File-1 = {YnBsaXN0MDDUAQIDBAUGJCVYJHZlcnNpb25YJG9iamVjdHNZJGFyY2hpdmVyVCR0b3ASAAGGoKgHCBMUFRYaIVUkbnVsbNMJCgsMDxJXTlMua2V5c1pOUy5vYmplY3RzViRjbGFzc6INDoACgAOiEBGABIAFgAdccmVsYXRpdmVQYXRoWWFsaWFzRGF0YV8QPi4uL0JpYmxpby9Eb2NzL1RyYW5zcGFyZW5jeVBlZXJSZXZpZXdfam91cm5hbC5wb25lLjAxNDc5MTMucGRm0hcLGBlXTlMuZGF0YU8RAoYAAAAAAoYAAgAADE1hY2ludG9zaCBIRAAAAAAAAAAAAAAAAAAAAMpBWmxIKwAAA9iXbR9UcmFuc3BhcmVuY3lQZWVyUmV2IzQwOEExMjgucGRmAAAAAAAAAAAAAAAAAAAAAAAAAAAAAAAAAAAAAAAAAAAECKEo0tagEQAAAAAAAAAAAAEAAwAACSAAAAAAAAAAAAAAAAAAAAAERG9jcwAQAAgAAMpA6ewAAAARAAgAANLWL5EAAAABACgD2JdtA9iXbAPYl2oCV5hrAiH5LwIh+RAAkMIpAAUCFQAFAhQAAL7sAAIAiE1hY2ludG9zaCBIRDpVc2VyczoASnVzdGU6AERvY3VtZW50czoAQ29tcGxleFN5c3RlbXM6AENpdHlOZXR3b3JrOgBEb2NzOgBQYXBlcnM6AEN5YmVyZ2VvOgBCaWJsaW86AERvY3M6AFRyYW5zcGFyZW5jeVBlZXJSZXYjNDA4QTEyOC5wZGYADgBgAC8AVAByAGEAbgBzAHAAYQByAGUAbgBjAHkAUABlAGUAcgBSAGUAdgBpAGUAdwBfAGoAbwB1AHIAbgBhAGwALgBwAG8AbgBlAC4AMAAxADQANwA5ADEAMwAuAHAAZABmAA8AGgAMAE0AYQBjAGkAbgB0AG8AcwBoACAASABEABIAgVVzZXJzL0p1c3RlL0RvY3VtZW50cy9Db21wbGV4U3lzdGVtcy9DaXR5TmV0d29yay9Eb2NzL1BhcGVycy9DeWJlcmdlby9CaWJsaW8vRG9jcy9UcmFuc3BhcmVuY3lQZWVyUmV2aWV3X2pvdXJuYWwucG9uZS4wMTQ3OTEzLnBkZgAAEwABLwAAFQACAAz//wAAgAbSGxwdHlokY2xhc3NuYW1lWCRjbGFzc2VzXU5TTXV0YWJsZURhdGGjHR8gVk5TRGF0YVhOU09iamVjdNIbHCIjXE5TRGljdGlvbmFyeaIiIF8QD05TS2V5ZWRBcmNoaXZlctEmJ1Ryb290gAEACAARABoAIwAtADIANwBAAEYATQBVAGAAZwBqAGwAbgBxAHMAdQB3AIQAjgDPANQA3ANmA2gDbQN4A4EDjwOTA5oDowOoA7UDuAPKA80D0gAAAAAAAAIBAAAAAAAAACgAAAAAAAAAAAAAAAAAAAPU},
	Bdsk-Url-1 = {http://dx.doi.org/10.1371%2Fjournal.pone.0147913},
	Bdsk-Url-2 = {http://dx.doi.org/10.1371/journal.pone.0147913}}

@article{2016arXiv160306371G,
	Adsnote = {Provided by the SAO/NASA Astrophysics Data System},
	Adsurl = {http://adsabs.harvard.edu/abs/2016arXiv160306371G},
	Archiveprefix = {arXiv},
	Author = {{Gargiulo}, F. and {Caen}, A. and {Lambiotte}, R. and {Carletti}, T.},
	Date-Added = {2016-07-24 01:05:39 +0000},
	Date-Modified = {2016-07-24 01:05:39 +0000},
	Eprint = {1603.06371},
	Journal = {ArXiv e-prints},
	Keywords = {Mathematics - History and Overview, Computer Science - Computers and Society, Physics - Data Analysis, Statistics and Probability, Physics - Physics and Society},
	Month = mar,
	Primaryclass = {math.HO},
	Title = {{The classical origin of modern mathematics}},
	Year = 2016,
	Bdsk-File-1 = {YnBsaXN0MDDUAQIDBAUGJCVYJHZlcnNpb25YJG9iamVjdHNZJGFyY2hpdmVyVCR0b3ASAAGGoKgHCBMUFRYaIVUkbnVsbNMJCgsMDxJXTlMua2V5c1pOUy5vYmplY3RzViRjbGFzc6INDoACgAOiEBGABIAFgAdccmVsYXRpdmVQYXRoWWFsaWFzRGF0YV8QHy4uL0JpYmxpby9Eb2NzLzE2MDMuMDYzNzF2MS5wZGbSFwsYGVdOUy5kYXRhTxECGgAAAAACGgACAAAMTWFjaW50b3NoIEhEAAAAAAAAAAAAAAAAAAAAykFabEgrAAAD2JdtEDE2MDMuMDYzNzF2MS5wZGYAAAAAAAAAAAAAAAAAAAAAAAAAAAAAAAAAAAAAAAAAAAAAAAAAAAAAAAAAAAAAAAQsOMPTHJqfAAAAAAAAAAAAAQADAAAJIAAAAAAAAAAAAAAAAAAAAAREb2NzABAACAAAykDp7AAAABEACAAA0xwqHwAAAAEAKAPYl20D2JdsA9iXagJXmGsCIfkvAiH5EACQwikABQIVAAUCFAAAvuwAAgB5TWFjaW50b3NoIEhEOlVzZXJzOgBKdXN0ZToARG9jdW1lbnRzOgBDb21wbGV4U3lzdGVtczoAQ2l0eU5ldHdvcms6AERvY3M6AFBhcGVyczoAQ3liZXJnZW86AEJpYmxpbzoARG9jczoAMTYwMy4wNjM3MXYxLnBkZgAADgAiABAAMQA2ADAAMwAuADAANgAzADcAMQB2ADEALgBwAGQAZgAPABoADABNAGEAYwBpAG4AdABvAHMAaAAgAEgARAASAGJVc2Vycy9KdXN0ZS9Eb2N1bWVudHMvQ29tcGxleFN5c3RlbXMvQ2l0eU5ldHdvcmsvRG9jcy9QYXBlcnMvQ3liZXJnZW8vQmlibGlvL0RvY3MvMTYwMy4wNjM3MXYxLnBkZgATAAEvAAAVAAIADP//AACABtIbHB0eWiRjbGFzc25hbWVYJGNsYXNzZXNdTlNNdXRhYmxlRGF0YaMdHyBWTlNEYXRhWE5TT2JqZWN00hscIiNcTlNEaWN0aW9uYXJ5oiIgXxAPTlNLZXllZEFyY2hpdmVy0SYnVHJvb3SAAQAIABEAGgAjAC0AMgA3AEAARgBNAFUAYABnAGoAbABuAHEAcwB1AHcAhACOALAAtQC9AtsC3QLiAu0C9gMEAwgDDwMYAx0DKgMtAz8DQgNHAAAAAAAAAgEAAAAAAAAAKAAAAAAAAAAAAAAAAAAAA0k=}}

@article{2016arXiv160505870D,
	Adsnote = {Provided by the SAO/NASA Astrophysics Data System},
	Adsurl = {http://adsabs.harvard.edu/abs/2016arXiv160505870D},
	Archiveprefix = {arXiv},
	Author = {{D'Agostino}, G. and {De Nicola}, A.},
	Date-Added = {2016-07-24 01:05:39 +0000},
	Date-Modified = {2016-07-24 01:05:39 +0000},
	Eprint = {1605.05870},
	Journal = {ArXiv e-prints},
	Keywords = {Computer Science - Social and Information Networks, Physics - Physics and Society},
	Month = may,
	Title = {{Interests Diffusion on a Semantic Multiplex}},
	Year = 2016,
	Bdsk-File-1 = {YnBsaXN0MDDUAQIDBAUGJCVYJHZlcnNpb25YJG9iamVjdHNZJGFyY2hpdmVyVCR0b3ASAAGGoKgHCBMUFRYaIVUkbnVsbNMJCgsMDxJXTlMua2V5c1pOUy5vYmplY3RzViRjbGFzc6INDoACgAOiEBGABIAFgAdccmVsYXRpdmVQYXRoWWFsaWFzRGF0YV8QMS4uL0JpYmxpby9Eb2NzL1NlbWFudGljTXVsdGlwbGV4XzE2MDUuMDU4NzB2MS5wZGbSFwsYGVdOUy5kYXRhTxECXgAAAAACXgACAAAMTWFjaW50b3NoIEhEAAAAAAAAAAAAAAAAAAAAykFabEgrAAAD2JdtH1NlbWFudGljTXVsdGlwbGV4XzEjNDQwMjFGMi5wZGYAAAAAAAAAAAAAAAAAAAAAAAAAAAAAAAAAAAAAAAAAAARAIfLTaPwzAAAAAAAAAAAAAQADAAAJIAAAAAAAAAAAAAAAAAAAAAREb2NzABAACAAAykDp7AAAABEACAAA02iLswAAAAEAKAPYl20D2JdsA9iXagJXmGsCIfkvAiH5EACQwikABQIVAAUCFAAAvuwAAgCITWFjaW50b3NoIEhEOlVzZXJzOgBKdXN0ZToARG9jdW1lbnRzOgBDb21wbGV4U3lzdGVtczoAQ2l0eU5ldHdvcms6AERvY3M6AFBhcGVyczoAQ3liZXJnZW86AEJpYmxpbzoARG9jczoAU2VtYW50aWNNdWx0aXBsZXhfMSM0NDAyMUYyLnBkZgAOAEYAIgBTAGUAbQBhAG4AdABpAGMATQB1AGwAdABpAHAAbABlAHgAXwAxADYAMAA1AC4AMAA1ADgANwAwAHYAMQAuAHAAZABmAA8AGgAMAE0AYQBjAGkAbgB0AG8AcwBoACAASABEABIAdFVzZXJzL0p1c3RlL0RvY3VtZW50cy9Db21wbGV4U3lzdGVtcy9DaXR5TmV0d29yay9Eb2NzL1BhcGVycy9DeWJlcmdlby9CaWJsaW8vRG9jcy9TZW1hbnRpY011bHRpcGxleF8xNjA1LjA1ODcwdjEucGRmABMAAS8AABUAAgAM//8AAIAG0hscHR5aJGNsYXNzbmFtZVgkY2xhc3Nlc11OU011dGFibGVEYXRhox0fIFZOU0RhdGFYTlNPYmplY3TSGxwiI1xOU0RpY3Rpb25hcnmiIiBfEA9OU0tleWVkQXJjaGl2ZXLRJidUcm9vdIABAAgAEQAaACMALQAyADcAQABGAE0AVQBgAGcAagBsAG4AcQBzAHUAdwCEAI4AwgDHAM8DMQMzAzgDQwNMA1oDXgNlA24DcwOAA4MDlQOYA50AAAAAAAACAQAAAAAAAAAoAAAAAAAAAAAAAAAAAAADnw==}}

@article{2016arXiv160500826L,
	Adsnote = {Provided by the SAO/NASA Astrophysics Data System},
	Adsurl = {http://adsabs.harvard.edu/abs/2016arXiv160500826L},
	Archiveprefix = {arXiv},
	Author = {{Liu}, Q. and {Xie}, Z. and {Dong}, E. and {Li}, J.},
	Date-Added = {2016-07-24 01:05:39 +0000},
	Date-Modified = {2016-07-24 01:05:39 +0000},
	Eprint = {1605.00826},
	Journal = {ArXiv e-prints},
	Keywords = {Physics - Physics and Society, Computer Science - Digital Libraries},
	Month = may,
	Primaryclass = {physics.soc-ph},
	Title = {{Geometric modeling for citation networks with linearly growing scientific paper increment}},
	Year = 2016,
	Bdsk-File-1 = {YnBsaXN0MDDUAQIDBAUGJCVYJHZlcnNpb25YJG9iamVjdHNZJGFyY2hpdmVyVCR0b3ASAAGGoKgHCBMUFRYaIVUkbnVsbNMJCgsMDxJXTlMua2V5c1pOUy5vYmplY3RzViRjbGFzc6INDoACgAOiEBGABIAFgAdccmVsYXRpdmVQYXRoWWFsaWFzRGF0YV8QHy4uL0JpYmxpby9Eb2NzLzE2MDUuMDA4MjZ2MS5wZGbSFwsYGVdOUy5kYXRhTxECGgAAAAACGgACAAAMTWFjaW50b3NoIEhEAAAAAAAAAAAAAAAAAAAAykFabEgrAAAD2JdtEDE2MDUuMDA4MjZ2MS5wZGYAAAAAAAAAAAAAAAAAAAAAAAAAAAAAAAAAAAAAAAAAAAAAAAAAAAAAAAAAAAAAAAQ3hUHTT/nTAAAAAAAAAAAAAQADAAAJIAAAAAAAAAAAAAAAAAAAAAREb2NzABAACAAAykDp7AAAABEACAAA00+JUwAAAAEAKAPYl20D2JdsA9iXagJXmGsCIfkvAiH5EACQwikABQIVAAUCFAAAvuwAAgB5TWFjaW50b3NoIEhEOlVzZXJzOgBKdXN0ZToARG9jdW1lbnRzOgBDb21wbGV4U3lzdGVtczoAQ2l0eU5ldHdvcms6AERvY3M6AFBhcGVyczoAQ3liZXJnZW86AEJpYmxpbzoARG9jczoAMTYwNS4wMDgyNnYxLnBkZgAADgAiABAAMQA2ADAANQAuADAAMAA4ADIANgB2ADEALgBwAGQAZgAPABoADABNAGEAYwBpAG4AdABvAHMAaAAgAEgARAASAGJVc2Vycy9KdXN0ZS9Eb2N1bWVudHMvQ29tcGxleFN5c3RlbXMvQ2l0eU5ldHdvcmsvRG9jcy9QYXBlcnMvQ3liZXJnZW8vQmlibGlvL0RvY3MvMTYwNS4wMDgyNnYxLnBkZgATAAEvAAAVAAIADP//AACABtIbHB0eWiRjbGFzc25hbWVYJGNsYXNzZXNdTlNNdXRhYmxlRGF0YaMdHyBWTlNEYXRhWE5TT2JqZWN00hscIiNcTlNEaWN0aW9uYXJ5oiIgXxAPTlNLZXllZEFyY2hpdmVy0SYnVHJvb3SAAQAIABEAGgAjAC0AMgA3AEAARgBNAFUAYABnAGoAbABuAHEAcwB1AHcAhACOALAAtQC9AtsC3QLiAu0C9gMEAwgDDwMYAx0DKgMtAz8DQgNHAAAAAAAAAgEAAAAAAAAAKAAAAAAAAAAAAAAAAAAAA0k=}}

@article{2016arXiv160500509O,
	Adsnote = {Provided by the SAO/NASA Astrophysics Data System},
	Adsurl = {http://adsabs.harvard.edu/abs/2016arXiv160500509O},
	Archiveprefix = {arXiv},
	Author = {{Orosz}, K. and {Farkas}, I.~J. and {Pollner}, P.},
	Date-Added = {2016-07-24 01:05:39 +0000},
	Date-Modified = {2016-07-24 01:05:39 +0000},
	Eprint = {1605.00509},
	Journal = {ArXiv e-prints},
	Keywords = {Computer Science - Digital Libraries, Computer Science - Social and Information Networks, Physics - Data Analysis, Statistics and Probability, Physics - Physics and Society},
	Month = may,
	Primaryclass = {cs.DL},
	Title = {{Quantifying the changing role of past publications}},
	Year = 2016,
	Bdsk-File-1 = {YnBsaXN0MDDUAQIDBAUGJCVYJHZlcnNpb25YJG9iamVjdHNZJGFyY2hpdmVyVCR0b3ASAAGGoKgHCBMUFRYaIVUkbnVsbNMJCgsMDxJXTlMua2V5c1pOUy5vYmplY3RzViRjbGFzc6INDoACgAOiEBGABIAFgAdccmVsYXRpdmVQYXRoWWFsaWFzRGF0YV8QHy4uL0JpYmxpby9Eb2NzLzE2MDUuMDA1MDl2MS5wZGbSFwsYGVdOUy5kYXRhTxECGgAAAAACGgACAAAMTWFjaW50b3NoIEhEAAAAAAAAAAAAAAAAAAAAykFabEgrAAAD2JdtEDE2MDUuMDA1MDl2MS5wZGYAAAAAAAAAAAAAAAAAAAAAAAAAAAAAAAAAAAAAAAAAAAAAAAAAAAAAAAAAAAAAAAQ3hJDTT/jSAAAAAAAAAAAAAQADAAAJIAAAAAAAAAAAAAAAAAAAAAREb2NzABAACAAAykDp7AAAABEACAAA00+IUgAAAAEAKAPYl20D2JdsA9iXagJXmGsCIfkvAiH5EACQwikABQIVAAUCFAAAvuwAAgB5TWFjaW50b3NoIEhEOlVzZXJzOgBKdXN0ZToARG9jdW1lbnRzOgBDb21wbGV4U3lzdGVtczoAQ2l0eU5ldHdvcms6AERvY3M6AFBhcGVyczoAQ3liZXJnZW86AEJpYmxpbzoARG9jczoAMTYwNS4wMDUwOXYxLnBkZgAADgAiABAAMQA2ADAANQAuADAAMAA1ADAAOQB2ADEALgBwAGQAZgAPABoADABNAGEAYwBpAG4AdABvAHMAaAAgAEgARAASAGJVc2Vycy9KdXN0ZS9Eb2N1bWVudHMvQ29tcGxleFN5c3RlbXMvQ2l0eU5ldHdvcmsvRG9jcy9QYXBlcnMvQ3liZXJnZW8vQmlibGlvL0RvY3MvMTYwNS4wMDUwOXYxLnBkZgATAAEvAAAVAAIADP//AACABtIbHB0eWiRjbGFzc25hbWVYJGNsYXNzZXNdTlNNdXRhYmxlRGF0YaMdHyBWTlNEYXRhWE5TT2JqZWN00hscIiNcTlNEaWN0aW9uYXJ5oiIgXxAPTlNLZXllZEFyY2hpdmVy0SYnVHJvb3SAAQAIABEAGgAjAC0AMgA3AEAARgBNAFUAYABnAGoAbABuAHEAcwB1AHcAhACOALAAtQC9AtsC3QLiAu0C9gMEAwgDDwMYAx0DKgMtAz8DQgNHAAAAAAAAAgEAAAAAAAAAKAAAAAAAAAAAAAAAAAAAA0k=}}

@article{10.1371/journal.pone.0156978,
	Abstract = {<p>Impactful academic research plays a stellar role in society, pressing to ask the question of how one measures the impact created by different areas of academic research. Measuring the societal, cultural, economic and scientific impact of research is currently the priority of the National Science Foundation, European Commission and several research funding agencies. The recently concluded United Kingdom?s national research quality exercise, the Research Excellence Framework (REF) 2014, which piloted impact assessment as part of the overall evaluation offers a lens to view how impact of research in different disciplines can be measured. Overall research quality was assessed through quality of outputs, ?impact? and research environment. We performed two studies using the REF 2014 as a case study. The first study on 363 Impact Case Studies (ICSs) submitted in 5 research areas (UoAs) reveals that, in general, the impact scores were constructed upon a combination of factors i.e. quantity of quartile-one (Q1) publications, quantity and value of grants/income, number of researchers stated in the ICSs, spin-offs created, discoveries/patents and presentation of esteem data, informing researchers/ academics of the factors to consider in order to achieve a better impact score in research impact assessments. However, there were differences among disciplines in terms of the role played by the factors in achieving their overall scores for the ICSs. The outcome of this study is thus a set of impact indicators, and their relationship with the overall score of impact of research in different disciplines as determined in REF2014, which would in the first instance provide some answers to impact measures that would be useful for researchers in different disciplines. The second study extracts the general themes of impact reported by universities by performing a word frequency analysis in all the ICSs submitted in the five chosen research areas, which were substantially varied owing to their fields.</p>},
	Author = {Chowdhury, Gobinda AND Koya, Kushwanth AND Philipson, Pete},
	Date-Added = {2016-07-24 01:05:39 +0000},
	Date-Modified = {2016-07-25 01:14:25 +0000},
	Doi = {10.1371/journal.pone.0156978},
	Journal = {PLoS ONE},
	Month = {06},
	Number = {6},
	Pages = {1-15},
	Publisher = {Public Library of Science},
	Title = {Measuring the Impact of Research: Lessons from the UK?s Research Excellence Framework 2014},
	Volume = {11},
	Year = {2016},
	Bdsk-File-1 = {YnBsaXN0MDDUAQIDBAUGJCVYJHZlcnNpb25YJG9iamVjdHNZJGFyY2hpdmVyVCR0b3ASAAGGoKgHCBMUFRYaIVUkbnVsbNMJCgsMDxJXTlMua2V5c1pOUy5vYmplY3RzViRjbGFzc6INDoACgAOiEBGABIAFgAdccmVsYXRpdmVQYXRoWWFsaWFzRGF0YV8QJy4uL0JpYmxpby9Eb2NzL2pvdXJuYWwucG9uZS4wMTU2OTc4LlBERtIXCxgZV05TLmRhdGFPEQI6AAAAAAI6AAIAAAxNYWNpbnRvc2ggSEQAAAAAAAAAAAAAAAAAAADKQVpsSCsAAAPYl20Yam91cm5hbC5wb25lLjAxNTY5NzguUERGAAAAAAAAAAAAAAAAAAAAAAAAAAAAAAAAAAAAAAAAAAAAAAAAAAAABE2SDNN/UD4AAAAAAAAAAAABAAMAAAkgAAAAAAAAAAAAAAAAAAAABERvY3MAEAAIAADKQOnsAAAAEQAIAADTft++AAAAAQAoA9iXbQPYl2wD2JdqAleYawIh+S8CIfkQAJDCKQAFAhUABQIUAAC+7AACAIFNYWNpbnRvc2ggSEQ6VXNlcnM6AEp1c3RlOgBEb2N1bWVudHM6AENvbXBsZXhTeXN0ZW1zOgBDaXR5TmV0d29yazoARG9jczoAUGFwZXJzOgBDeWJlcmdlbzoAQmlibGlvOgBEb2NzOgBqb3VybmFsLnBvbmUuMDE1Njk3OC5QREYAAA4AMgAYAGoAbwB1AHIAbgBhAGwALgBwAG8AbgBlAC4AMAAxADUANgA5ADcAOAAuAFAARABGAA8AGgAMAE0AYQBjAGkAbgB0AG8AcwBoACAASABEABIAalVzZXJzL0p1c3RlL0RvY3VtZW50cy9Db21wbGV4U3lzdGVtcy9DaXR5TmV0d29yay9Eb2NzL1BhcGVycy9DeWJlcmdlby9CaWJsaW8vRG9jcy9qb3VybmFsLnBvbmUuMDE1Njk3OC5QREYAEwABLwAAFQACAAz//wAAgAbSGxwdHlokY2xhc3NuYW1lWCRjbGFzc2VzXU5TTXV0YWJsZURhdGGjHR8gVk5TRGF0YVhOU09iamVjdNIbHCIjXE5TRGljdGlvbmFyeaIiIF8QD05TS2V5ZWRBcmNoaXZlctEmJ1Ryb290gAEACAARABoAIwAtADIANwBAAEYATQBVAGAAZwBqAGwAbgBxAHMAdQB3AIQAjgC4AL0AxQMDAwUDCgMVAx4DLAMwAzcDQANFA1IDVQNnA2oDbwAAAAAAAAIBAAAAAAAAACgAAAAAAAAAAAAAAAAAAANx},
	Bdsk-Url-1 = {http://dx.doi.org/10.1371%2Fjournal.pone.0156978},
	Bdsk-Url-2 = {http://dx.doi.org/10.1371/journal.pone.0156978}}
