%% This BibTeX bibliography file was created using BibDesk.
%% http://bibdesk.sourceforge.net/


%% Created for Juste Raimbault at 2016-08-22 22:02:47 +0200 


%% Saved with string encoding Occidental (ISO Latin 1) 



@article{krugman1998space,
	Author = {Krugman, Paul},
	Date-Added = {2016-08-22 16:59:35 +0000},
	Date-Modified = {2016-08-22 16:59:35 +0000},
	Journal = {The Journal of Economic Perspectives},
	Number = {2},
	Pages = {161--174},
	Publisher = {JSTOR},
	Title = {Space: the final frontier},
	Volume = {12},
	Year = {1998},
	Bdsk-File-1 = {YnBsaXN0MDDUAQIDBAUGJCVYJHZlcnNpb25YJG9iamVjdHNZJGFyY2hpdmVyVCR0b3ASAAGGoKgHCBMUFRYaIVUkbnVsbNMJCgsMDxJXTlMua2V5c1pOUy5vYmplY3RzViRjbGFzc6INDoACgAOiEBGABIAFgAdccmVsYXRpdmVQYXRoWWFsaWFzRGF0YV8QTS4uLy4uLy4uL0JpYmxpby9Eb2NzL0Vjb25vbWljR2VvZ3JhcGh5L0tydWdtYW5fU3BhY2VGaW5hbEZyb250aWVyXzI2NDY5NjgucGRm0hcLGBlXTlMuZGF0YU8RAmoAAAAAAmoAAgAADE1hY2ludG9zaCBIRAAAAAAAAAAAAAAAAAAAAMpBBgxIKwAAAjQWNh9LcnVnbWFuX1NwYWNlRmluYWxGIzM4QTY4RkYucGRmAAAAAAAAAAAAAAAAAAAAAAAAAAAAAAAAAAAAAAAAAAADimj/0l1k0wAAAAAAAAAAAAMABAAACSAAAAAAAAAAAAAAAAAAAAARRWNvbm9taWNHZW9ncmFwaHkAABAACAAAykDp7AAAABEACAAA0l1WwwAAAAEAIAI0FjYCMXfZAiH5GQIh+RAAkMIpAAUCFQAFAhQAAL7sAAIAg01hY2ludG9zaCBIRDpVc2VyczoASnVzdGU6AERvY3VtZW50czoAQ29tcGxleFN5c3RlbXM6AENpdHlOZXR3b3JrOgBCaWJsaW86AERvY3M6AEVjb25vbWljR2VvZ3JhcGh5OgBLcnVnbWFuX1NwYWNlRmluYWxGIzM4QTY4RkYucGRmAAAOAE4AJgBLAHIAdQBnAG0AYQBuAF8AUwBwAGEAYwBlAEYAaQBuAGEAbABGAHIAbwBuAHQAaQBlAHIAXwAyADYANAA2ADkANgA4AC4AcABkAGYADwAaAAwATQBhAGMAaQBuAHQAbwBzAGgAIABIAEQAEgB1VXNlcnMvSnVzdGUvRG9jdW1lbnRzL0NvbXBsZXhTeXN0ZW1zL0NpdHlOZXR3b3JrL0JpYmxpby9Eb2NzL0Vjb25vbWljR2VvZ3JhcGh5L0tydWdtYW5fU3BhY2VGaW5hbEZyb250aWVyXzI2NDY5NjgucGRmAAATAAEvAAAVAAIADP//AACABtIbHB0eWiRjbGFzc25hbWVYJGNsYXNzZXNdTlNNdXRhYmxlRGF0YaMdHyBWTlNEYXRhWE5TT2JqZWN00hscIiNcTlNEaWN0aW9uYXJ5oiIgXxAPTlNLZXllZEFyY2hpdmVy0SYnVHJvb3SAAQAIABEAGgAjAC0AMgA3AEAARgBNAFUAYABnAGoAbABuAHEAcwB1AHcAhACOAN4A4wDrA1kDWwNgA2sDdAOCA4YDjQOWA5sDqAOrA70DwAPFAAAAAAAAAgEAAAAAAAAAKAAAAAAAAAAAAAAAAAAAA8c=}}

@article{reuillon2013openmole,
	Author = {Reuillon, Romain and Leclaire, Mathieu and Rey-Coyrehourcq, Sebastien},
	Date-Added = {2016-08-22 16:33:26 +0000},
	Date-Modified = {2016-08-22 16:33:26 +0000},
	Journal = {Future Generation Computer Systems},
	Number = {8},
	Pages = {1981--1990},
	Publisher = {Elsevier},
	Title = {OpenMOLE, a workflow engine specifically tailored for the distributed exploration of simulation models},
	Volume = {29},
	Year = {2013},
	Bdsk-File-1 = {YnBsaXN0MDDUAQIDBAUGJCVYJHZlcnNpb25YJG9iamVjdHNZJGFyY2hpdmVyVCR0b3ASAAGGoKgHCBMUFRYaIVUkbnVsbNMJCgsMDxJXTlMua2V5c1pOUy5vYmplY3RzViRjbGFzc6INDoACgAOiEBGABIAFgAdccmVsYXRpdmVQYXRoWWFsaWFzRGF0YV8QSC4uLy4uLy4uL0JpYmxpby9Eb2NzL1dvcmtmbG93L09wZW5Nb2xlXzEtczIuMC1TMDE2NzczOVgxMzAwMTAyNy1tYWluLnBkZtIXCxgZV05TLmRhdGFPEQJYAAAAAAJYAAIAAAxNYWNpbnRvc2ggSEQAAAAAAAAAAAAAAAAAAADKQQYMSCsAAAIxeDYfT3Blbk1vbGVfMS1zMi4wLVMwMSMyMzE3ODM4LnBkZgAAAAAAAAAAAAAAAAAAAAAAAAAAAAAAAAAAAAAAAAAAAjF4ONEiwUwAAAAAAAAAAAADAAQAAAkgAAAAAAAAAAAAAAAAAAAACFdvcmtmbG93ABAACAAAykDp7AAAABEACAAA0SKzPAAAAAEAIAIxeDYCMXfZAiH5GQIh+RAAkMIpAAUCFQAFAhQAAL7sAAIAek1hY2ludG9zaCBIRDpVc2VyczoASnVzdGU6AERvY3VtZW50czoAQ29tcGxleFN5c3RlbXM6AENpdHlOZXR3b3JrOgBCaWJsaW86AERvY3M6AFdvcmtmbG93OgBPcGVuTW9sZV8xLXMyLjAtUzAxIzIzMTc4MzgucGRmAA4AVgAqAE8AcABlAG4ATQBvAGwAZQBfADEALQBzADIALgAwAC0AUwAwADEANgA3ADcAMwA5AFgAMQAzADAAMAAxADAAMgA3AC0AbQBhAGkAbgAuAHAAZABmAA8AGgAMAE0AYQBjAGkAbgB0AG8AcwBoACAASABEABIAcFVzZXJzL0p1c3RlL0RvY3VtZW50cy9Db21wbGV4U3lzdGVtcy9DaXR5TmV0d29yay9CaWJsaW8vRG9jcy9Xb3JrZmxvdy9PcGVuTW9sZV8xLXMyLjAtUzAxNjc3MzlYMTMwMDEwMjctbWFpbi5wZGYAEwABLwAAFQACAAz//wAAgAbSGxwdHlokY2xhc3NuYW1lWCRjbGFzc2VzXU5TTXV0YWJsZURhdGGjHR8gVk5TRGF0YVhOU09iamVjdNIbHCIjXE5TRGljdGlvbmFyeaIiIF8QD05TS2V5ZWRBcmNoaXZlctEmJ1Ryb290gAEACAARABoAIwAtADIANwBAAEYATQBVAGAAZwBqAGwAbgBxAHMAdQB3AIQAjgDZAN4A5gNCA0QDSQNUA10DawNvA3YDfwOEA5EDlAOmA6kDrgAAAAAAAAIBAAAAAAAAACgAAAAAAAAAAAAAAAAAAAOw}}

@article{favaro2011gibrat,
	Author = {Favaro, Jean-Marc and Pumain, Denise},
	Date-Added = {2016-08-22 16:33:00 +0000},
	Date-Modified = {2016-08-22 16:33:00 +0000},
	Journal = {Geographical Analysis},
	Number = {3},
	Pages = {261--286},
	Publisher = {Wiley Online Library},
	Title = {Gibrat Revisited: An Urban Growth Model Incorporating Spatial Interaction and Innovation Cycles.},
	Volume = {43},
	Year = {2011},
	Bdsk-File-1 = {YnBsaXN0MDDUAQIDBAUGJCVYJHZlcnNpb25YJG9iamVjdHNZJGFyY2hpdmVyVCR0b3ASAAGGoKgHCBMUFRYaIVUkbnVsbNMJCgsMDxJXTlMua2V5c1pOUy5vYmplY3RzViRjbGFzc6INDoACgAOiEBGABIAFgAdccmVsYXRpdmVQYXRoWWFsaWFzRGF0YV8QTC4uLy4uLy4uL0JpYmxpby9Eb2NzL1VyYmFuR3Jvd3RoL0ZhdmFyb19ldF9hbC0yMDExLUdlb2dyYXBoaWNhbF9BbmFseXNpcy5wZGbSFwsYGVdOUy5kYXRhTxECZgAAAAACZgACAAAMTWFjaW50b3NoIEhEAAAAAAAAAAAAAAAAAAAAykEGDEgrAAACYkuYH0ZhdmFyb19ldF9hbC0yMDExLUcjMjYyNENCOS5wZGYAAAAAAAAAAAAAAAAAAAAAAAAAAAAAAAAAAAAAAAAAAAJiTLnRUbm1AAAAAAAAAAAAAwAEAAAJIAAAAAAAAAAAAAAAAAAAAAtVcmJhbkdyb3d0aAAAEAAIAADKQOnsAAAAEQAIAADRUZ2VAAAAAQAgAmJLmAIxd9kCIfkZAiH5EACQwikABQIVAAUCFAAAvuwAAgB9TWFjaW50b3NoIEhEOlVzZXJzOgBKdXN0ZToARG9jdW1lbnRzOgBDb21wbGV4U3lzdGVtczoAQ2l0eU5ldHdvcms6AEJpYmxpbzoARG9jczoAVXJiYW5Hcm93dGg6AEZhdmFyb19ldF9hbC0yMDExLUcjMjYyNENCOS5wZGYAAA4AWAArAEYAYQB2AGEAcgBvAF8AZQB0AF8AYQBsAC0AMgAwADEAMQAtAEcAZQBvAGcAcgBhAHAAaABpAGMAYQBsAF8AQQBuAGEAbAB5AHMAaQBzAC4AcABkAGYADwAaAAwATQBhAGMAaQBuAHQAbwBzAGgAIABIAEQAEgB0VXNlcnMvSnVzdGUvRG9jdW1lbnRzL0NvbXBsZXhTeXN0ZW1zL0NpdHlOZXR3b3JrL0JpYmxpby9Eb2NzL1VyYmFuR3Jvd3RoL0ZhdmFyb19ldF9hbC0yMDExLUdlb2dyYXBoaWNhbF9BbmFseXNpcy5wZGYAEwABLwAAFQACAAz//wAAgAbSGxwdHlokY2xhc3NuYW1lWCRjbGFzc2VzXU5TTXV0YWJsZURhdGGjHR8gVk5TRGF0YVhOU09iamVjdNIbHCIjXE5TRGljdGlvbmFyeaIiIF8QD05TS2V5ZWRBcmNoaXZlctEmJ1Ryb290gAEACAARABoAIwAtADIANwBAAEYATQBVAGAAZwBqAGwAbgBxAHMAdQB3AIQAjgDdAOIA6gNUA1YDWwNmA28DfQOBA4gDkQOWA6MDpgO4A7sDwAAAAAAAAAIBAAAAAAAAACgAAAAAAAAAAAAAAAAAAAPC}}

@article{bretagnolle2000long,
	Author = {Bretagnolle, Anne and Mathian, H{\'e}l{\`e}ne and Pumain, Denise and Rozenblat, C{\'e}line},
	Date-Added = {2016-08-22 16:32:50 +0000},
	Date-Modified = {2016-08-22 16:32:50 +0000},
	Journal = {Cybergeo: European Journal of Geography},
	Publisher = {CNRS-UMR G{\'e}ographie-cit{\'e}s 8504},
	Title = {Long-term dynamics of European towns and cities: towards a spatial model of urban growth},
	Year = {2000},
	Bdsk-File-1 = {YnBsaXN0MDDUAQIDBAUGJCVYJHZlcnNpb25YJG9iamVjdHNZJGFyY2hpdmVyVCR0b3ASAAGGoKgHCBMUFRYaIVUkbnVsbNMJCgsMDxJXTlMua2V5c1pOUy5vYmplY3RzViRjbGFzc6INDoACgAOiEBGABIAFgAdccmVsYXRpdmVQYXRoWWFsaWFzRGF0YV8QiS4uLy4uLy4uL0JpYmxpby9Eb2NzL1VyYmFuR3Jvd3RoL2N5YmVyZ2VvLTU2Ni1sb25nLXRlcm0tZHluYW1pY3Mtb2YtZXVyb3BlYW4tdG93bnMtYW5kLWNpdGllcy10b3dhcmRzLWEtc3BhdGlhbC1tb2RlbC1vZi11cmJhbi1ncm93dGgucGRm0hcLGBlXTlMuZGF0YU8RAx4AAAAAAx4AAgAADE1hY2ludG9zaCBIRAAAAAAAAAAAAAAAAAAAAMpBBgxIKwAAAmJLmB9jeWJlcmdlby01NjYtbG9uZy10IzQ0Njk3Q0IucGRmAAAAAAAAAAAAAAAAAAAAAAAAAAAAAAAAAAAAAAAAAAAERpfL03MlVAAAAAAAAAAAAAMABAAACSAAAAAAAAAAAAAAAAAAAAALVXJiYW5Hcm93dGgAABAACAAAykDp7AAAABEACAAA03MJNAAAAAEAIAJiS5gCMXfZAiH5GQIh+RAAkMIpAAUCFQAFAhQAAL7sAAIAfU1hY2ludG9zaCBIRDpVc2VyczoASnVzdGU6AERvY3VtZW50czoAQ29tcGxleFN5c3RlbXM6AENpdHlOZXR3b3JrOgBCaWJsaW86AERvY3M6AFVyYmFuR3Jvd3RoOgBjeWJlcmdlby01NjYtbG9uZy10IzQ0Njk3Q0IucGRmAAAOANIAaABjAHkAYgBlAHIAZwBlAG8ALQA1ADYANgAtAGwAbwBuAGcALQB0AGUAcgBtAC0AZAB5AG4AYQBtAGkAYwBzAC0AbwBmAC0AZQB1AHIAbwBwAGUAYQBuAC0AdABvAHcAbgBzAC0AYQBuAGQALQBjAGkAdABpAGUAcwAtAHQAbwB3AGEAcgBkAHMALQBhAC0AcwBwAGEAdABpAGEAbAAtAG0AbwBkAGUAbAAtAG8AZgAtAHUAcgBiAGEAbgAtAGcAcgBvAHcAdABoAC4AcABkAGYADwAaAAwATQBhAGMAaQBuAHQAbwBzAGgAIABIAEQAEgCxVXNlcnMvSnVzdGUvRG9jdW1lbnRzL0NvbXBsZXhTeXN0ZW1zL0NpdHlOZXR3b3JrL0JpYmxpby9Eb2NzL1VyYmFuR3Jvd3RoL2N5YmVyZ2VvLTU2Ni1sb25nLXRlcm0tZHluYW1pY3Mtb2YtZXVyb3BlYW4tdG93bnMtYW5kLWNpdGllcy10b3dhcmRzLWEtc3BhdGlhbC1tb2RlbC1vZi11cmJhbi1ncm93dGgucGRmAAATAAEvAAAVAAIADP//AACABtIbHB0eWiRjbGFzc25hbWVYJGNsYXNzZXNdTlNNdXRhYmxlRGF0YaMdHyBWTlNEYXRhWE5TT2JqZWN00hscIiNcTlNEaWN0aW9uYXJ5oiIgXxAPTlNLZXllZEFyY2hpdmVy0SYnVHJvb3SAAQAIABEAGgAjAC0AMgA3AEAARgBNAFUAYABnAGoAbABuAHEAcwB1AHcAhACOARoBHwEnBEkESwRQBFsEZARyBHYEfQSGBIsEmASbBK0EsAS1AAAAAAAAAgEAAAAAAAAAKAAAAAAAAAAAAAAAAAAABLc=}}

@incollection{pumain2012multi,
	Author = {Pumain, Denise},
	Booktitle = {Agent-based models of geographical systems},
	Date-Added = {2015-10-09 16:58:33 +0000},
	Date-Modified = {2015-10-09 16:58:33 +0000},
	Pages = {721--738},
	Publisher = {Springer},
	Reading = {A},
	Title = {Multi-agent system modelling for urban systems: The series of SIMPOP models},
	Usage = {GSB},
	Year = {2012},
	Bdsk-File-1 = {YnBsaXN0MDDUAQIDBAUGJCVYJHZlcnNpb25YJG9iamVjdHNZJGFyY2hpdmVyVCR0b3ASAAGGoKgHCBMUFRYaIVUkbnVsbNMJCgsMDxJXTlMua2V5c1pOUy5vYmplY3RzViRjbGFzc6INDoACgAOiEBGABIAFgAdccmVsYXRpdmVQYXRoWWFsaWFzRGF0YV8QMS4uLy4uLy4uLy4uL0JpYmxpby9Eb2NzL0FCTW9kZWxpbmcvQm9va0FCTUdlby5wZGbSFwsYGVdOUy5kYXRhTxEB3AAAAAAB3AACAAAMTWFjaW50b3NoIEhEAAAAAAAAAAAAAAAAAAAAykEGDEgrAAAAxkhxDkJvb2tBQk1HZW8ucGRmAAAAAAAAAAAAAAAAAAAAAAAAAAAAAAAAAAAAAAAAAAAAAAAAAAAAAAAAAAAAAAAAAAC2e9XNSo8zAAAAAAAAAAAABAAEAAAJIAAAAAAAAAAAAAAAAAAAAApBQk1vZGVsaW5nABAACAAAykDp7AAAABEACAAAzUqBIwAAAAEAHADGSHEAtnjEAKmYegCQwikABQIVAAUCFAAAvuwAAgBeTWFjaW50b3NoIEhEOlVzZXJzOgBKdXN0ZToARG9jdW1lbnRzOgBDb21wbGV4U3lzdGVtczoAQmlibGlvOgBEb2NzOgBBQk1vZGVsaW5nOgBCb29rQUJNR2VvLnBkZgAOAB4ADgBCAG8AbwBrAEEAQgBNAEcAZQBvAC4AcABkAGYADwAaAAwATQBhAGMAaQBuAHQAbwBzAGgAIABIAEQAEgBKVXNlcnMvSnVzdGUvRG9jdW1lbnRzL0NvbXBsZXhTeXN0ZW1zL0JpYmxpby9Eb2NzL0FCTW9kZWxpbmcvQm9va0FCTUdlby5wZGYAEwABLwAAFQACAAz//wAAgAbSGxwdHlokY2xhc3NuYW1lWCRjbGFzc2VzXU5TTXV0YWJsZURhdGGjHR8gVk5TRGF0YVhOU09iamVjdNIbHCIjXE5TRGljdGlvbmFyeaIiIF8QD05TS2V5ZWRBcmNoaXZlctEmJ1Ryb290gAEACAARABoAIwAtADIANwBAAEYATQBVAGAAZwBqAGwAbgBxAHMAdQB3AIQAjgDCAMcAzwKvArECtgLBAsoC2ALcAuMC7ALxAv4DAQMTAxYDGwAAAAAAAAIBAAAAAAAAACgAAAAAAAAAAAAAAAAAAAMd}}
