%% This BibTeX bibliography file was created using BibDesk.
%% http://bibdesk.sourceforge.net/


%% Created for Juste Raimbault at 2016-01-29 09:16:29 +0100 


%% Saved with string encoding Occidental (ISO Latin 1) 



@article{2015arXiv150601280B,
	Adsnote = {Provided by the SAO/NASA Astrophysics Data System},
	Adsurl = {http://adsabs.harvard.edu/abs/2015arXiv150601280B},
	Archiveprefix = {arXiv},
	Author = {{Battiston}, F. and {Iacovacci}, J. and {Nicosia}, V. and {Bianconi}, G. and {Latora}, V.},
	Date-Added = {2016-01-29 08:16:19 +0000},
	Date-Modified = {2016-01-29 08:16:19 +0000},
	Eprint = {1506.01280},
	Journal = {ArXiv e-prints},
	Keywords = {Physics - Physics and Society, Computer Science - Social and Information Networks},
	Month = jun,
	Primaryclass = {physics.soc-ph},
	Title = {{Emergence of multiplex communities in collaboration networks}},
	Year = 2015,
	Bdsk-File-1 = {YnBsaXN0MDDUAQIDBAUGJCVYJHZlcnNpb25YJG9iamVjdHNZJGFyY2hpdmVyVCR0b3ASAAGGoKgHCBMUFRYaIVUkbnVsbNMJCgsMDxJXTlMua2V5c1pOUy5vYmplY3RzViRjbGFzc6INDoACgAOiEBGABIAFgAdccmVsYXRpdmVQYXRoWWFsaWFzRGF0YV8QK0RvY3MvQ29tbXVuaXR5SHlwZXJuZXR3b3JrXzE1MDYuMDEyODB2Mi5wZGbSFwsYGVdOUy5kYXRhTxECagAAAAACagACAAAMTWFjaW50b3NoIEhEAAAAAAAAAAAAAAAAAAAAykEGDEgrAAAD2JdtH0NvbW11bml0eUh5cGVybmV0d28jNDAzRUQ2RC5wZGYAAAAAAAAAAAAAAAAAAAAAAAAAAAAAAAAAAAAAAAAAAAQD7W3S0N4EAAAAAAAAAAAAAQADAAAJIAAAAAAAAAAAAAAAAAAAAAREb2NzABAACAAAykDp7AAAABEACAAA0tDP9AAAAAEAKAPYl20D2JdsA9iXagJXmGsCIfkvAiH5EACQwikABQIVAAUCFAAAvuwAAgCITWFjaW50b3NoIEhEOlVzZXJzOgBKdXN0ZToARG9jdW1lbnRzOgBDb21wbGV4U3lzdGVtczoAQ2l0eU5ldHdvcms6AERvY3M6AFBhcGVyczoAQ3liZXJnZW86AEJpYmxpbzoARG9jczoAQ29tbXVuaXR5SHlwZXJuZXR3byM0MDNFRDZELnBkZgAOAE4AJgBDAG8AbQBtAHUAbgBpAHQAeQBIAHkAcABlAHIAbgBlAHQAdwBvAHIAawBfADEANQAwADYALgAwADEAMgA4ADAAdgAyAC4AcABkAGYADwAaAAwATQBhAGMAaQBuAHQAbwBzAGgAIABIAEQAEgB4VXNlcnMvSnVzdGUvRG9jdW1lbnRzL0NvbXBsZXhTeXN0ZW1zL0NpdHlOZXR3b3JrL0RvY3MvUGFwZXJzL0N5YmVyZ2VvL0JpYmxpby9Eb2NzL0NvbW11bml0eUh5cGVybmV0d29ya18xNTA2LjAxMjgwdjIucGRmABMAAS8AABUAAgAM//8AAIAG0hscHR5aJGNsYXNzbmFtZVgkY2xhc3Nlc11OU011dGFibGVEYXRhox0fIFZOU0RhdGFYTlNPYmplY3TSGxwiI1xOU0RpY3Rpb25hcnmiIiBfEA9OU0tleWVkQXJjaGl2ZXLRJidUcm9vdIABAAgAEQAaACMALQAyADcAQABGAE0AVQBgAGcAagBsAG4AcQBzAHUAdwCEAI4AvADBAMkDNwM5Az4DSQNSA2ADZANrA3QDeQOGA4kDmwOeA6MAAAAAAAACAQAAAAAAAAAoAAAAAAAAAAAAAAAAAAADpQ==}}

@article{2016arXiv160106075O,
	Adsnote = {Provided by the SAO/NASA Astrophysics Data System},
	Adsurl = {http://adsabs.harvard.edu/abs/2016arXiv160106075O},
	Archiveprefix = {arXiv},
	Author = {{Omodei}, E. and {De Domenico}, M. and {Arenas}, A.},
	Date-Added = {2016-01-25 08:56:51 +0000},
	Date-Modified = {2016-01-25 08:56:51 +0000},
	Eprint = {1601.06075},
	Journal = {ArXiv e-prints},
	Keywords = {Physics - Physics and Society, Computer Science - Digital Libraries},
	Month = jan,
	Primaryclass = {physics.soc-ph},
	Title = {{Evaluating the impact of interdisciplinary research: a multilayer network approach}},
	Year = 2016,
	Bdsk-File-1 = {YnBsaXN0MDDUAQIDBAUGJCVYJHZlcnNpb25YJG9iamVjdHNZJGFyY2hpdmVyVCR0b3ASAAGGoKgHCBMUFRYaIVUkbnVsbNMJCgsMDxJXTlMua2V5c1pOUy5vYmplY3RzViRjbGFzc6INDoACgAOiEBGABIAFgAdccmVsYXRpdmVQYXRoWWFsaWFzRGF0YV8QO0RvY3MvSW50ZXJkaXNjaXBsaW5hcnlSZXNlYXJjaEh5cGVybmV0d29ya18xNjAxLjA2MDc1djEucGRm0hcLGBlXTlMuZGF0YU8RApoAAAAAApoAAgAADE1hY2ludG9zaCBIRAAAAAAAAAAAAAAAAAAAAMpBBgxIKwAAA9iXbR9JbnRlcmRpc2NpcGxpbmFyeVJlIzNGRTY1NDgucGRmAAAAAAAAAAAAAAAAAAAAAAAAAAAAAAAAAAAAAAAAAAAD/mVI0suhbQAAAAAAAAAAAAEAAwAACSAAAAAAAAAAAAAAAAAAAAAERG9jcwAQAAgAAMpA6ewAAAARAAgAANLLk10AAAABACgD2JdtA9iXbAPYl2oCV5hrAiH5LwIh+RAAkMIpAAUCFQAFAhQAAL7sAAIAiE1hY2ludG9zaCBIRDpVc2VyczoASnVzdGU6AERvY3VtZW50czoAQ29tcGxleFN5c3RlbXM6AENpdHlOZXR3b3JrOgBEb2NzOgBQYXBlcnM6AEN5YmVyZ2VvOgBCaWJsaW86AERvY3M6AEludGVyZGlzY2lwbGluYXJ5UmUjM0ZFNjU0OC5wZGYADgBuADYASQBuAHQAZQByAGQAaQBzAGMAaQBwAGwAaQBuAGEAcgB5AFIAZQBzAGUAYQByAGMAaABIAHkAcABlAHIAbgBlAHQAdwBvAHIAawBfADEANgAwADEALgAwADYAMAA3ADUAdgAxAC4AcABkAGYADwAaAAwATQBhAGMAaQBuAHQAbwBzAGgAIABIAEQAEgCIVXNlcnMvSnVzdGUvRG9jdW1lbnRzL0NvbXBsZXhTeXN0ZW1zL0NpdHlOZXR3b3JrL0RvY3MvUGFwZXJzL0N5YmVyZ2VvL0JpYmxpby9Eb2NzL0ludGVyZGlzY2lwbGluYXJ5UmVzZWFyY2hIeXBlcm5ldHdvcmtfMTYwMS4wNjA3NXYxLnBkZgATAAEvAAAVAAIADP//AACABtIbHB0eWiRjbGFzc25hbWVYJGNsYXNzZXNdTlNNdXRhYmxlRGF0YaMdHyBWTlNEYXRhWE5TT2JqZWN00hscIiNcTlNEaWN0aW9uYXJ5oiIgXxAPTlNLZXllZEFyY2hpdmVy0SYnVHJvb3SAAQAIABEAGgAjAC0AMgA3AEAARgBNAFUAYABnAGoAbABuAHEAcwB1AHcAhACOAMwA0QDZA3cDeQN+A4kDkgOgA6QDqwO0A7kDxgPJA9sD3gPjAAAAAAAAAgEAAAAAAAAAKAAAAAAAAAAAAAAAAAAAA+U=}}

@inproceedings{schmid1994probabilistic,
	Annote = {https://github.com/miotto/treetagger-python/blob/master/treetagger.py},
	Author = {Schmid, Helmut},
	Booktitle = {Proceedings of the international conference on new methods in language processing},
	Date-Added = {2016-01-06 14:36:10 +0000},
	Date-Modified = {2016-01-06 14:37:28 +0000},
	Organization = {Citeseer},
	Pages = {44--49},
	Title = {Probabilistic part-of-speech tagging using decision trees},
	Volume = {12},
	Year = {1994},
	Bdsk-File-1 = {YnBsaXN0MDDUAQIDBAUGJCVYJHZlcnNpb25YJG9iamVjdHNZJGFyY2hpdmVyVCR0b3ASAAGGoKgHCBMUFRYaIVUkbnVsbNMJCgsMDxJXTlMua2V5c1pOUy5vYmplY3RzViRjbGFzc6INDoACgAOiEBGABIAFgAdccmVsYXRpdmVQYXRoWWFsaWFzRGF0YV8QFURvY3MvdHJlZS10YWdnZXIxLnBkZtIXCxgZV05TLmRhdGFPEQIaAAAAAAIaAAIAAAxNYWNpbnRvc2ggSEQAAAAAAAAAAAAAAAAAAADKQQYMSCsAAAPYl20QdHJlZS10YWdnZXIxLnBkZgAAAAAAAAAAAAAAAAAAAAAAAAAAAAAAAAAAAAAAAAAAAAAAAAAAAAAAAAAAAAAAA+l9gNKy5LUAAAAAAAAAAAABAAMAAAkgAAAAAAAAAAAAAAAAAAAABERvY3MAEAAIAADKQOnsAAAAEQAIAADSstalAAAAAQAoA9iXbQPYl2wD2JdqAleYawIh+S8CIfkQAJDCKQAFAhUABQIUAAC+7AACAHlNYWNpbnRvc2ggSEQ6VXNlcnM6AEp1c3RlOgBEb2N1bWVudHM6AENvbXBsZXhTeXN0ZW1zOgBDaXR5TmV0d29yazoARG9jczoAUGFwZXJzOgBDeWJlcmdlbzoAQmlibGlvOgBEb2NzOgB0cmVlLXRhZ2dlcjEucGRmAAAOACIAEAB0AHIAZQBlAC0AdABhAGcAZwBlAHIAMQAuAHAAZABmAA8AGgAMAE0AYQBjAGkAbgB0AG8AcwBoACAASABEABIAYlVzZXJzL0p1c3RlL0RvY3VtZW50cy9Db21wbGV4U3lzdGVtcy9DaXR5TmV0d29yay9Eb2NzL1BhcGVycy9DeWJlcmdlby9CaWJsaW8vRG9jcy90cmVlLXRhZ2dlcjEucGRmABMAAS8AABUAAgAM//8AAIAG0hscHR5aJGNsYXNzbmFtZVgkY2xhc3Nlc11OU011dGFibGVEYXRhox0fIFZOU0RhdGFYTlNPYmplY3TSGxwiI1xOU0RpY3Rpb25hcnmiIiBfEA9OU0tleWVkQXJjaGl2ZXLRJidUcm9vdIABAAgAEQAaACMALQAyADcAQABGAE0AVQBgAGcAagBsAG4AcQBzAHUAdwCEAI4ApgCrALMC0QLTAtgC4wLsAvoC/gMFAw4DEwMgAyMDNQM4Az0AAAAAAAACAQAAAAAAAAAoAAAAAAAAAAAAAAAAAAADPw==},
	Bdsk-Url-1 = {http://www.cis.uni-muenchen.de/~schmid/tools/TreeTagger/}}
