%% This BibTeX bibliography file was created using BibDesk.
%% http://bibdesk.sourceforge.net/


%% Created for Juste Raimbault at 2015-10-09 18:59:25 +0200 


%% Saved with string encoding Occidental (ISO Latin 1) 



@incollection{pumain2012multi,
	Author = {Pumain, Denise},
	Booktitle = {Agent-based models of geographical systems},
	Date-Added = {2015-10-09 16:58:33 +0000},
	Date-Modified = {2015-10-09 16:58:33 +0000},
	Pages = {721--738},
	Publisher = {Springer},
	Reading = {A},
	Title = {Multi-agent system modelling for urban systems: The series of SIMPOP models},
	Usage = {GSB},
	Year = {2012},
	Bdsk-File-1 = {YnBsaXN0MDDUAQIDBAUGJCVYJHZlcnNpb25YJG9iamVjdHNZJGFyY2hpdmVyVCR0b3ASAAGGoKgHCBMUFRYaIVUkbnVsbNMJCgsMDxJXTlMua2V5c1pOUy5vYmplY3RzViRjbGFzc6INDoACgAOiEBGABIAFgAdccmVsYXRpdmVQYXRoWWFsaWFzRGF0YV8QMS4uLy4uLy4uLy4uL0JpYmxpby9Eb2NzL0FCTW9kZWxpbmcvQm9va0FCTUdlby5wZGbSFwsYGVdOUy5kYXRhTxEB3AAAAAAB3AACAAAMTWFjaW50b3NoIEhEAAAAAAAAAAAAAAAAAAAAykEGDEgrAAAAxkhxDkJvb2tBQk1HZW8ucGRmAAAAAAAAAAAAAAAAAAAAAAAAAAAAAAAAAAAAAAAAAAAAAAAAAAAAAAAAAAAAAAAAAAC2e9XNSo8zAAAAAAAAAAAABAAEAAAJIAAAAAAAAAAAAAAAAAAAAApBQk1vZGVsaW5nABAACAAAykDp7AAAABEACAAAzUqBIwAAAAEAHADGSHEAtnjEAKmYegCQwikABQIVAAUCFAAAvuwAAgBeTWFjaW50b3NoIEhEOlVzZXJzOgBKdXN0ZToARG9jdW1lbnRzOgBDb21wbGV4U3lzdGVtczoAQmlibGlvOgBEb2NzOgBBQk1vZGVsaW5nOgBCb29rQUJNR2VvLnBkZgAOAB4ADgBCAG8AbwBrAEEAQgBNAEcAZQBvAC4AcABkAGYADwAaAAwATQBhAGMAaQBuAHQAbwBzAGgAIABIAEQAEgBKVXNlcnMvSnVzdGUvRG9jdW1lbnRzL0NvbXBsZXhTeXN0ZW1zL0JpYmxpby9Eb2NzL0FCTW9kZWxpbmcvQm9va0FCTUdlby5wZGYAEwABLwAAFQACAAz//wAAgAbSGxwdHlokY2xhc3NuYW1lWCRjbGFzc2VzXU5TTXV0YWJsZURhdGGjHR8gVk5TRGF0YVhOU09iamVjdNIbHCIjXE5TRGljdGlvbmFyeaIiIF8QD05TS2V5ZWRBcmNoaXZlctEmJ1Ryb290gAEACAARABoAIwAtADIANwBAAEYATQBVAGAAZwBqAGwAbgBxAHMAdQB3AIQAjgDCAMcAzwKvArECtgLBAsoC2ALcAuMC7ALxAv4DAQMTAxYDGwAAAAAAAAIBAAAAAAAAACgAAAAAAAAAAAAAAAAAAAMd}}
