%% This BibTeX bibliography file was created using BibDesk.
%% http://bibdesk.sourceforge.net/


%% Created for Juste Raimbault at 2016-08-30 19:09:28 +0200 


%% Saved with string encoding Occidental (ISO Latin 1) 



@article{louail2016crowdsourcing,
	Author = {Louail, Thomas and Lenormand, Maxime and Arias, Juan Murillo and Ramasco, Jos{\'e} J},
	Date-Added = {2016-08-30 17:01:17 +0000},
	Date-Modified = {2016-08-30 17:01:17 +0000},
	Journal = {arXiv preprint arXiv:1604.08394},
	Title = {Crowdsourcing the Robin Hood effect in cities},
	Year = {2016}}

@article{o2014mining,
	Author = {O'brien, Oliver and Cheshire, James and Batty, Michael},
	Date-Added = {2016-08-30 16:56:46 +0000},
	Date-Modified = {2016-08-30 16:56:46 +0000},
	Journal = {Journal of Transport Geography},
	Pages = {262--273},
	Publisher = {Elsevier},
	Title = {Mining bicycle sharing data for generating insights into sustainable transport systems},
	Volume = {34},
	Year = {2014}}
