%% This BibTeX bibliography file was created using BibDesk.
%% http://bibdesk.sourceforge.net/


%% Created for Juste Raimbault at 2015-05-07 15:30:51 +0200 


%% Saved with string encoding Occidental (ISO Latin 1) 



@book{piketty2013capital,
	Author = {Piketty, Thomas},
	Date-Added = {2015-05-07 13:30:50 +0000},
	Date-Modified = {2015-05-07 13:30:50 +0000},
	Publisher = {Seuil},
	Title = {Le capital au XXIe si{\`e}cle},
	Year = {2013}}

@misc{aghion2015innovation,
	Author = {Aghion, Philippe and Akcigit, Ufuk and Bergeaud, Antonin and Blundell, Richard and H{\'e}mous, David},
	Date-Added = {2015-05-07 10:35:05 +0000},
	Date-Modified = {2015-05-07 10:35:05 +0000},
	Title = {Innovation and Top Income Inequality},
	Year = {2015}}

@article{varenne2010simulations,
	Author = {Varenne, Franck},
	Date-Added = {2015-05-07 10:28:17 +0000},
	Date-Modified = {2015-05-07 10:28:17 +0000},
	Title = {Les simulations computationnelles dans les sciences sociales},
	Year = {2010}}

@article{koch1999complexity,
	Author = {Koch, Christof and Laurent, Gilles},
	Date-Added = {2015-05-07 09:56:07 +0000},
	Date-Modified = {2015-05-07 09:56:07 +0000},
	Journal = {Science},
	Number = {5411},
	Pages = {96--98},
	Publisher = {American Association for the Advancement of Science},
	Title = {Complexity and the nervous system},
	Volume = {284},
	Year = {1999}}

@article{barabasi2002linked,
	Author = {Barabasi, Albert-Laszlo},
	Date-Added = {2015-05-07 09:52:06 +0000},
	Date-Modified = {2015-05-07 09:52:06 +0000},
	Journal = {Plume Editors},
	Title = {Linked: How everything is connected to everything else and what it means},
	Year = {2002}}

@article{stanley1999econophysics,
	Author = {Stanley, H Eugene and Amaral, Luis A Nunes and Canning, David and Gopikrishnan, Parameswaran and Lee, Youngki and Liu, Yanhui},
	Date-Added = {2015-05-07 09:36:55 +0000},
	Date-Modified = {2015-05-07 09:36:55 +0000},
	Journal = {Physica A: Statistical Mechanics and its Applications},
	Number = {1},
	Pages = {156--169},
	Publisher = {Elsevier},
	Title = {Econophysics: Can physicists contribute to the science of economics?},
	Volume = {269},
	Year = {1999}}

@book{wolfram2002new,
	Author = {Wolfram, Stephen},
	Date-Added = {2015-05-07 09:12:57 +0000},
	Date-Modified = {2015-05-07 09:12:57 +0000},
	Publisher = {Wolfram media Champaign},
	Title = {A new kind of science},
	Volume = {5},
	Year = {2002}}
