%% This BibTeX bibliography file was created using BibDesk.
%% http://bibdesk.sourceforge.net/


%% Created for Juste Raimbault at 2015-12-10 16:19:02 +0100 


%% Saved with string encoding Occidental (ISO Latin 1) 



@book{guermond1983techniques,
	Author = {Guermond, Yves},
	Date-Added = {2015-12-10 15:18:44 +0000},
	Date-Modified = {2015-12-10 15:18:44 +0000},
	Publisher = {Universite de Haute Normandie, Institut de Geographie},
	Title = {Techniques mathematiques pour l{\'a}nalyse de systeme en geographie},
	Year = {1983}}
